2859 4850
330 246 336 258 ,
402 155 783 232 tenerrrima

81 291 201 366 ¹lt'iltilo
213 289 288 354 enim
304 300 427 358 mutatur
439 293 531 352 versut
543 292 689 358 dimenso,
711 293 766 352 sire
789 289 915 363 tollatur,
933 293 990 354 lire
1003 292 1090 355 relin-

57 390 179 450 quatur:
199 391 285 442 quare
297 367 487 464 coutpitpuitm
503 370 618 436 sensere,
639 371 719 430 uullo
732 371 814 448 padio
825 371 925 432 debeat
943 374 1014 432 tolli.
1054 375 1090 434 Iu

58 449 373 528 coujundlionequoque
387 449 450 514 hac,
471 457 607 516 enimvero,
627 448 723 506 durius
736 451 780 517 sit,
801 449 983 526 stenimatur.
1013 450 1092 527 Quid

59 531 137 589 enim
149 517 224 596 esset,
235 528 384 588 enimvero?
407 526 462 602 Sed
477 547 561 586 unam
575 529 707 602 syllabam
720 528 809 594 fuisse,
823 535 897 598 eninr,
913 529 975 589 etim
986 533 1092 590 vellent

58 610 198 668 arbitror:
221 606 355 683 siquidem
384 605 514 664 Graccum
534 607 599 670 sutt·
612 609 644 674 su,
667 623 695 664 et
710 609 750 663 ld.
793 610 831 663 At
843 611 918 682 quau
931 629 982 686 pro
996 613 1093 668 conso.

60 683 298 764 nauteacceptirc,
321 697 350 742 ut
365 685 540 753 ostendimus,
563 683 591 740 in
607 684 699 758 Syell‘o,
720 690 839 750 invidia,
856 689 964 764 injurid.
1007 687 1093 767 de

60 767 82 824 sr
96 765 144 824 cui
159 765 241 844 paulo
254 759 372 841 asperior
386 763 513 822 videntur
525 763 739 838 pronunciatio:
755 767 777 818 is
787 784 843 820 uon
854 765 996 833 meminit,
1006 767 1092 826 edra-

62 845 155 912 tione,
165 851 204 902 tui
213 843 265 902 esse
281 837 513 914 monosyllabum,
528 857 555 898 et
568 843 631 914 dui:
653 859 681 898 et
695 839 768 916 quod
782 841 907 900 omnium
920 843 1093 908 durisfimum

61 925 113 989 est,
130 925 197 980 burc.
219 919 480 984 Proceleustrtaticos¹
492 935 585 978 autem
596 919 659 978 aliis
670 919 775 978 duobus
789 919 906 979 versibus
916 921 1093 982 animaduer-

63 1001 124 1061 tdre
138 999 264 1079 quidam,
285 1013 403 1074 utroque
417 1019 450 1056 ex
465 997 595 1058 Andriai:
997 992 999 996 ¹

144 1077 223 1140 Mula
237 1100 313 1144 mens,
332 1075 414 1134 mulus
427 1085 542 1135 uniatur:
562 1095 631 1153 quem
640 1079 735 1153 quidem
746 1079 935 1155 εμββνψνο.Ι

145 1157 206 1242 7ιῇ
217 1157 452 1246 generumfirmum,
473 1156 570 1230 ulyssice
583 1161 695 1212 invenies
708 1179 810 1213 virum.

105 1237 195 1294 Aede
212 1253 303 1312 priore
313 1232 427 1311 quidem
454 1253 509 1294 non
524 1234 560 1290 esl
574 1233 794 1322 disceptandum.
835 1235 870 1290 In
884 1234 1031 1309 posteriore
1043 1253 1093 1294 au·
1174 1301 1179 1309 ,

65 1329 124 1374 tem
140 1313 251 1372 mollior
263 1313 321 1379 eil:
344 1329 487 1390 propterea
499 1313 571 1388 quod
581 1310 689 1387 antiqui
700 1310 877 1387 pronomina,
890 1323 936 1378 mr,
950 1327 980 1370 ct
989 1321 1022 1378 ri,
1031 1333 1093 1370 mo-

65 1387 437 1470 nosyllabapronbnciabant
447 1391 482 1447 ab
492 1389 800 1467 AEolensrbusaccepta,
810 1394 866 1465 pri,
879 1393 929 1450 rol·
943 1410 984 1457 ru,
996 1386 1038 1450 rrii
1053 1394 1094 1460 ri,

66 1491 100 1532 te.
142 1472 187 1530 Sic
202 1467 321 1529 enimin
336 1469 511 1546 Gurgulione
526 1467 722 1544 accipiendum
735 1471 792 1526 cll:

147 1551 256 1612 Curato,
276 1545 375 1624 egotibi
390 1549 455 1624 quod
464 1570 547 1613 amas,
558 1551 618 1623 jam
631 1547 678 1602 dur
691 1549 824 1604 adducam.
875 1546 886 1556 ’

4 1683 6 1688 ,
104 1627 178 1698 Tibi,
201 1625 472 1704 proceleusmaticum
499 1624 543 1684 hic
564 1643 673 1700 quoque
695 1625 812 1690 sacient,
838 1643 927 1698 neque
950 1625 1091 1687 errabunt,

66 1709 131 1770 Hoc
145 1705 254 1766 tautum
268 1702 427 1783 agebamus,
451 1702 663 1780 utintelligeres
678 1703 865 1762 secundiorem
880 1703 983 1760 fluxum
998 1725 1094 1761 carum

67 1785 237 1864 syllabarum
252 1787 285 1842 ad
302 1781 588 1860 proceleusmaticum,
604 1801 719 1858 quarum
733 1781 834 1858 quaein
850 1800 932 1840 uuam
946 1782 1038 1868 redigi
1052 1799 1095 1839 at-

68 1885 124 1944 que
137 1863 284 1924 coalescere
300 1862 408 1938 possint.
447 1861 491 1919 De
505 1860 609 1918 cretico
628 1877 733 1925 autem,
754 1880 836 1937 quem
856 1859 897 1916 isti
918 1881 995 1920 omui
1009 1881 1096 1918 cona·
1164 1872 1169 1884 ¹

71 1959 103 2004 tu
118 1940 317 2020 subterfugere,
329 1939 455 2016 pluribus
470 1937 634 2005 rationibus,
655 1953 739 2014 atque
752 1937 890 2014 exemplis
902 1943 940 1998 est
953 1939 1097 2017 disputan.

71 2025 149 2083 dum.
189 2023 264 2081 Nam
282 2020 298 2076 sr
314 2019 342 2076 in
358 2017 497 2076 heroicum
512 2017 679 2081 admittitur,
700 2015 720 2072 sr
739 2017 769 2074 iu
790 2016 938 2094 tragoedid,
963 2017 1036 2097 quod
1058 2020 1097 2076 est

72 2105 173 2180 po'e'ara
186 2099 299 2160 clarum,
321 2097 425 2163 nobile,
446 2099 561 2162 elatum,
581 2101 693 2162 callum,
715 2095 946 2155 locuminrenit:
967 2116 1051 2174 quare
1064 2095 1097 2156 iu
1150 2103 1155 2110 ’
1176 2147 1182 2156 .

72 2181 197 2240 medium
213 2197 245 2236 ac
260 2176 403 2254 vulgatum
424 2175 574 2234 sermonem
590 2195 647 2233 uon
668 2174 841 2251 recipiatur?
862 2175 907 2234 Est
919 2175 1006 2255 igitur
1020 2174 1097 2252 apud

73 2275 184 2337 poetam
196 2279 204 2315 t

112 2345 120 2359 '
154 2336 187 2394 El
201 2335 353 2410 naufragum
369 2331 536 2406 Squdcaerm.

1178 158 1261 232 lxxiii

115 2415 221 2475 Dicent
236 2434 289 2471 non
305 2412 380 2470 fuisse
394 2415 569 2469 emendatum
585 2409 697 2470 librum.
733 2379 1153 2487 Arvari'et‘ruccaejudist.
1228 2470 1237 2477 ,
1328 2458 1339 2477 ,

74 2494 121 2555 cio
133 2492 309 2551 emendatum
324 2491 377 2547 suit
392 2490 453 2547 ltoc.
476 2494 515 2549 At
529 2492 565 2548 etl
575 2489 603 2549 in
613 2488 831 2549 emendatillimo
843 2490 916 2549 libro
926 2490 1099 2568 Georgicon,

72 2572 148 2654 quod
161 2570 240 2648 supri
250 2567 434 2627 adduximus:

1 2670 6 2675 '
156 2650 250 2715 Stellio,
269 2667 291 2706 e!
306 2650 433 2725 sutfirgt's.

116 2732 159 2790 At
171 2730 209 2787 est
223 2726 364 2805 Euripidae
377 2728 439 2783 cium
454 2722 541 2791 alibi,
556 2738 615 2783 tum
629 2722 657 2781 in
671 2722 809 2783 Hecubd:

155 2818 226 2868 Auri·
242 2806 381 2865 diruutltr‘r
395 2804 441 2863 driu
456 2805 521 2881 ntegri
535 2804 677 2873 xududrlorr.

99 2886 191 2961 ,Cium
207 2902 301 2961 lamen
315 2883 404 2941 dicere
419 2880 566 2959 potuisset:
589 2880 691 2943 Uarduli
702 2880 776 2941 doust.

116 2967 216 3041 ltaque
230 2983 279 3023 uos
293 2981 401 3039 quoque
415 2960 445 3017 in
454 2960 575 3029 Nemesr,
596 2958 895 3039 studuimusgravitati‚
908 2973 938 3021 et
950 2960 1088 3021 auribus:

157 3046 212 3102 Heu
221 3064 296 3119 genus
312 3044 430 3117 nrsunda.

119 3124 158 3183 Et
171 3122 225 3179 alio
237 3120 300 3179 loco
314 3118 460 3195 posuimus,
474 3116 599 3193 finssru:
621 3118 747 3193 potuisset
760 3116 941 3189 dienstaeua.
964 3118 1018 3179 Sed
1033 3138 1104 3197 9³¹³·

78 3200 120 3261 cis
135 3219 215 3259 auter
231 3196 344 3275 po'uticae
357 3197 427 3255 datae
442 3196 515 3256 sunt.
554 3194 689 3253 Preterea
705 3190 857 3275 srdadlylus
867 3211 900 3254 et
912 3200 1061 3273 anapaeslut
1074 3198 1106 3255 io
1203 3219 1207 3228 ·

78 3278 171 3343 iambi
185 3278 247 3337 loca
261 3276 364 3334 suffecti
377 3276 450 3343 suut,
471 3292 587 3351 quorum
611 3273 713 3333 utervis
738 3296 792 3334 una
810 3274 939 3351 illumet
957 3277 1060 3352 syllaba
1077 3289 1106 3335 et

80 3374 207 3436 tempore
229 3356 379 3433 superaret,
401 3372 485 3431 quare
506 3370 568 3409 eam
591 3350 733 3411 licentiam
746 3352 877 3413 sermonis
891 3354 1106 3433 eadempuritaa

81 3458 140 3500 uon
153 3433 276 3513 co'e'getit
299 3434 425 3507 recipere
442 3432 571 3508 quasnam
586 3448 679 3500 vocer,
700 3432 728 3488 in
750 3433 860 3509 quibua
874 3432 940 3491 esset
964 3434 1106 3491 creticus?

82 3512 232 3595 praesertim
246 3513 307 3571 cirm
324 3510 338 3569 ὲ
353 3514 425 3587 purit
444 3509 549 3568 creticis
564 3508 670 3584 aliquot
684 3509 773 3567 uersus
793 3510 926 3570 constent.
959 3512 1107 3577 Praeterea,

81 3616 117 3655 ea
136 3593 262 3658 uomina,
283 3589 437 3667 verbaque,
456 3592 525 3655 deur,
544 3590 608 3653 dies,
618 3592 691 3664 fuir,
716 3611 783 3655 mea,
793 3590 864 3667 stra,
888 3606 945 3656 tua,
966 3592 1000 3647 ed
1020 3590 1108 3665 perti-

84 3688 164 3741 nent,
186 3690 215 3729 ut
228 3669 292 3730 clim
307 3668 499 3729 collectionem
523 3664 552 3723 in
567 3684 648 3722 unam
664 3664 798 3742 syllabam
833 3668 967 3736 tuantur,
991 3668 1111 3728 doceant

85 3773 137 3815 nou
151 3750 181 3809 in
195 3750 297 3809 cretico
307 3745 379 3807 idem
400 3765 511 3825 quoque
525 3744 583 3801 fieri
603 3744 686 3820 posse,
708 3759 739 3803 ut
752 3687 928 3807 emolliantur
940 3747 1110 3825 pronuncia·

87 3831 175 3893 tiooe.
217 3826 263 3887 Ad
286 3830 356 3895 haec,
378 3826 397 3885 st
420 3824 546 3883 omnium
572 3824 756 3883 morostllimur
780 3844 841 3900 pet,
872 3844 905 3882 ac
926 3824 998 3901 peni:
1023 3824 1111 3893 serus,

86 3906 277 3985 dntssueffiat,
306 3904 335 3961 ‘n
357 3904 496 3965 heroicum
527 3918 653 3977 receptus
687 3904 723 3957 ell
740 3903 816 3979 apud
840 3904 1014 3963 Homerum:
1048 3922 1111 3961 cum

84 3983 233 4061 alydnlrrry,
245 3998 274 4043 et
287 3984 421 4061 adfinia,
442 3980 512 4041 satit
525 3994 555 4039 ut
569 3979 707 4058 dadylum
723 3979 893 4059 prirnoribus
916 3982 1030 4120 siusili
1052 4002 1113 4037 urn-

300 4080 319 4137 ·3
937 4081 984 4139 pe
1031 4076 1111 4119 ntur:
