2859 4850
454 91 898 244 ‘guntarto

143 358 223 424 Ea'
216 360 360 442 imprimis
388 381 459 450 cura
482 320 551 438 suit,
574 376 608 424 ut
633 361 785 426 audiorern
810 376 911 426 textus
932 382 1024 445 quam
1043 361 1311 426 emendatissimus

100 462 257 537 ederetur,
281 461 371 546 glossa
401 463 509 526 deinde
493 485 600 545 equae
627 463 759 546 srmplice
787 488 822 529 ac
855 466 951 528 nitido
974 467 1133 528 uerborum
1148 482 1310 528 contextu

100 567 217 628 abditos
244 567 339 628 seusus
364 567 543 648 explicaret,
564 567 731 650 implicatas
758 557 897 650 periodos
922 558 1079 644 t'etexcret,
1110 569 1274 630 inversas‘'
1264 589 1309 628 tn

99 667 235 729 ordinem
265 669 347 730 suum
377 677 539 744 revocaret,
564 685 594 729 et
610 670 781 732 carminum
806 667 924 754 legibus
947 692 981 732 ac
998 672 1130 732 numeris
1145 669 1309 733 adstridlas

98 769 231 831 solveret.
277 768 324 830 lta
351 787 450 832 tamen
473 786 505 834 ut
531 792 586 832 nec
614 769 735 833 liberitis
754 787 929 842 excurreret
946 775 977 834 in
1000 771 1214 852 Paraphtasim,
1237 795 1310 836 nec

98 873 170 952 quid
198 872 439 954 praetermitteret
468 874 547 951 quod
575 889 718 958 tyronum
743 873 861 935 animos
885 875 993 959 juvare
1019 871 1136 956 Possm
1164 877 1308 956 ipsorum

73 1055 75 1061 y
100 971 258 1034 audiorum
275 974 371 1056 uerbis
387 957 538 1049 adhibitis,
556 975 605 1036 ubi
623 972 712 1037 esseut
724 973 791 1038 satis
808 994 898 1053 nota;
921 977 1083 1040 substitutis
1098 977 1313 1054 facilioribus,

99 1075 157 1138 ubi.
174 1072 272 1136 mimis
295 1071 385 1136 essent
406 1075 523 1140 facilia(
550 1075 668 1139 Addita
694 1077 763 1141 sunt
785 1078 875 1140 etiam
901 1078 1007 1159 Notae,
1031 1101 1101 1161 quae
1129 1080 1302 1143 reconditas

98 1173 220 1262 figuras,
245 1193 274 1238 et
298 1175 316 1238 sr
335 1178 402 1256 quid
419 1177 485 1240 css‘et
502 1179 618 1260 antiqui
636 1181 725 1255 mori,
748 1199 799 1242 aut
814 1180 941 1245 historiae
962 1184 1082 1258 vereris,
1104 1203 1156 1244 aut
1173 1182 1305 1258 sabula,

98 1281 160 1346 siue
177 1281 237 1342 ull-o
254 1279 327 1356 saslu
352 1283 510 1342 verborum
538 1279 731 1344 fflustrarent.
776 1279 889 1364 Neque
911 1287 998 1348 enim
1020 1285 1070 1346 bic
1095 1260 1184 1346 lteuit'
1204 1306 1299 1346 vanas

97 1385 257 1446 obtrudere
273 1381 473 1466 conjesluras,
493 1398 543 1444 aut
566 1385 697 1446 minutas
713 1385 970 1449 corrediiunculas
986 1388 1020 1447 ad
1039 1387 1186 1449 fastidium
1204 1387 1299 1470 usque

98 1489 244 1572 ingerere,
259 1501 306 1546 aut
322 1485 451 1566 operosis
468 1484 653 1550 Criticorum
671 1489 760 1572 nugis
775 1487 894 1551 lecloris
910 1491 1046 1554 animum
1064 1491 1185 1574 sati'ga're
1200 1488 1303 1572 magis
1327 1479 1330 1484 ⁸

49 1598 56 1618 '
99 1613 190 1674 quarn
203 1591 338 1666 erudire3
355 1587 423 1670 quae
435 1590 624 1673 plerumque,
638 1607 689 1652 aut
702 1613 782 1653 mera
793 1593 861 1654 sunt
871 1591 1012 1666 ludibria,
1025 1610 1075 1653 aut
1090 1614 1165 1652 vana
1182 1589 1296 1673 ingenii

99 1691 326 1774 ostentamenta.
370 1691 404 1754 ld
421 1693 540 1760 tantiam
562 1692 744 1776 propositum
766 1693 824 1770 est,
838 1692 1072 1758 Seueutssrrur
1090 1691 1300 1766 Detentus,

55 1779 57 1784 ,
99 1793 282 1878 publicisque
298 1797 401 1858 servire
416 1796 595 1871 commodiS,
621 1796 638 1859 ὲ
662 1813 797 1859 veterum
819 1796 1116 1860 Commentariorum
1139 1798 1224 1885 copiti
1239 1817 1297 1858 ex·

97 1918 217 1978 cerpere
234 1919 299 1978 qua:
316 1898 436 1984 quisque
453 1898 636 1962 adnotaverit
651 1897 794 1980 apposite,
818 1915 950 1960 nectam
972 1921 1017 1959 res
1038 1920 1131 1960 nouas
1153 1900 1303 2006 proferre,

99 1997 189 2080 quam
207 1995 394 2068 necell'atiast
416 1997 497 2075 quod
526 1996 649 2074 quidem
675 2014 780 2056 curam
802 1993 1006 2078 magisquaim
1023 2015 1151 2058 acumen
1169 1998 1258 2100 inger
1262 1997 1299 2070 ii,

66 2181 69 2188 Ι
99 2099 134 2160 ad
152 2097 338 2160 reconditam
354 2099 553 2162 eruditionem
572 2095 707 2178 pollulat.

141 2247 176 2310 ln
203 2249 258 2311 laic
283 2249 417 2330 palaestra
443 2248 530 2311 multi
554 2246 745 2324 desudarunt,
769 2248 846 2312 sorte}
868 2271 931 2313 raon
954 2249 1018 2332 pari
1045 2249 1208 2312 induslriai:
1243 2253 1294 2332 qui

99 2369 209 2415 metam
236 2351 404 2439 attigerint,
429 2334 582 2435 quinon,
610 2363 674 2412 tute
701 2350 858 2430 existima5
885 2368 916 2413 et
941 2351 1111 2449 srnpminis
1136 2349 1300 2416 successum

98 2455 207 2534 operia,
224 2454 325 2516 saitem
342 2452 499 2517 confilium
517 2454 658 2537 adproba.
691 2462 809 2518 Interea
824 2458 882 2519 haic
894 2456 1106 2538 interpretandi
1122 2473 1184 2518 arte
1201 2474 1297 2533 utere,

97 2578 191 2639 quarn
219 2578 273 2645 nos
302 2556 438 2641 Augusto
466 2554 597 2637 Principi
623 2559 705 2621 velut
729 2557 938 2633 subsidiariam,
956 2556 1110 2641 postquam
1121 2559 1295 2638 ampliorem

97 2674 128 2720 et
143 2645 305 2729 diabliorem
334 2659 544 2741 acceperibab¹
557 2658 752 2723 lllusirislimo
767 2679 797 2724 et
820 2659 1074 2722 Reverendiffimo
1090 2658 1298 2721 Condontensr

98 2756 248 2843 Episcopo
270 2758 456 2842 Preceptore
474 2761 535 2835 suo,
553 2762 616 2821 viro
632 2759 804 2825 Literarum
819 2763 960 2824 omniurn
974 2780 1038 2823 tum
1051 2762 1215 2842 sacrarunt,
1229 2780 1297 2825 tum

97 2854 272 2925 secularium
290 2864 471 2945 peritissimo.
515 2860 744 2927 Emertdatiores
770 2865 907 2947 profesio
932 2865 952 2927 ii
980 2863 1201 2943 Comnreutarii
1226 2859 1295 2944 pro⁴

97 2965 208 3041 dirent,
232 2964 251 3027 li
269 2964 477 3028 Nobilissimus
496 2962 661 3029 liuterius
680 2958 897 3029 consummatae
913 2964 1059 3028 decirinae
1077 2966 1130 3039 uir,
1146 2962 1296 3044 Principis

98 3066 336 3149 Propraeceptor,
361 3084 394 3131 ut
421 3069 589 3131 uniuersum
607 3067 696 3149 Opu's
722 3070 862 3155 dirigere,
884 3070 925 3131 ita
948 3066 1090 3152 srngulas,
1113 3068 1177 3153 ejus
1198 3085 1296 3149 partes

98 3170 311 3254 recognoscere
337 3170 483 3251 potuisset.
531 3170 623 3253 Qrod
641 3174 676 3233 ad
694 3170 879 3235 Terentium
896 3174 978 3233 bunc
993 3172 1114 3244 attinet,
1132 3169 1159 3232 l
1164 3188 1295 3243 eccon,

76 3274 211 3353 primus
228 3272 366 3334 omnium
383 3270 479 3334 estd
445 3275 479 3334 cd
485 3276 551 3347 itus,
575 3274 709 3339 velutin
737 3275 975 3355 experimentum
1000 3272 1054 3347 rei,
1077 3289 1108 3332 et
1135 3274 1296 3364 immatura

98 3374 272 3435 Commcnt
275 3378 364 3435 aroris
384 3375 425 3435 sui
443 3394 538 3437 morte
553 3394 675 3461 ttpogra
663 3378 747 3457 piris
769 3378 906 3449 traditus,
929 3358 1065 3436 nondum
1082 3372 1139 3434 suis
1155 3372 1295 3434 omnibus
1346 3376 1350 3386 ’

98 3477 234 3542 numeris
253 3482 287 3542 al
292 3474 309 3536 s
312 3478 412 3539 tintus
457 3479 594 3560 Atque'
588 3500 626 3539 ua
652 3476 672 3541 st
690 3479 762 3562 quid
780 3476 947 3563 incalligati
962 3474 1117 3557 irrepserit,
1134 3472 1240 3555 quod
1232 3494 1295 3534 non

99 3580 266 3653 abnuerim,
290 3579 379 3641 velim
409 3582 462 3641 tuai
487 3580 674 3643 humanitate
697 3580 865 3665 indulgeas,
888 3598 939 3641 aut
961 3578 1137 3641 dexteritate
1152 3580 1205 3638 tuai
1221 3574 1295 3637 illud

57 3672 62 3683 ’
97 3680 249 3744 emendes.
275 3676 666 3759 DonatiCommentarios,
677 3700 706 3743 et
722 3682 966 3765 locupletissimos
981 3680 1101 3745 Indices
1118 3676 1296 3751 addidimus,
1340 3720 1343 3725 -

97 3800 130 3845 ut
146 3784 323 3866 intelligas
317 3806 346 3845 ιιι
369 3786 426 3846 hoc
443 3782 624 3869 persiciendo
639 3806 845 3867 opereturam
862 3784 962 3851 saltem
980 3805 1014 3847 ac
1029 3779 1215 3867 diligentiam
1231 3800 1295 3841 nem

97 3884 133 3945 de
136 3880 227 3950 suill'e
271 3884 349 3952 Va'u
602 3892 606 3899 '
