2859 4850
673 205 1073 278 'PROLEGOMENA
1128 202 1137 214 ’

354 361 384 408 et
397 345 533 406 Chremes
545 335 639 409 senex,
654 343 697 402 rir
710 345 809 413 bonus,
824 365 857 405 ae
866 347 986 423 prudens
997 346 1024 402 in
1035 342 1154 411 Andriri,
1163 340 1417 420 liridimprimie

355 430 392 484 de
406 447 450 493 re,
469 442 586 502 paterno
599 423 704 496 animo,
716 422 851 482 'constanti
862 424 1066 501 conquestione.
1095 424 1179 500 Qrod
1191 423 1209 482 fi
1219 424 1255 482 ad
1267 425 1415 482 Davum

354 503 513 582 respitiant,
527 504 573 580 qui
589 501 711 576 sequenti
727 504 807 560 scenai
818 501 972 576 jarnotium
988 519 1070 578 atque
1081 502 1314 578 tranquilitatem
1334 502 1416 556 irn-

300 624 303 632 .
357 581 481 660 perando
494 580 555 646 fibi,
576 579 732 638 bellissinror
745 581 840 640 sundit
858 582 1019 648 trochaicus,
1036 580 1096 653 jam
1108 580 1158 654 ipsi
1171 580 1219 638 itta
1230 580 1267 639 de
1282 577 1415 638 celeri-

354 677 413 720 tate
435 658 538 736 aliquid
560 657 706 716 consultius
728 659 881 722 remittant.
924 661 1024 720 Poetae
1048 659 1170 734 prosesib
1181 655 1243 716 illos
1255 657 1411 719 comicos

334 728 501 804 ''mutares‚
514 733 551 794 ¹ut
566 735 594 794 itt
610 751 728 793 mentem
746 751 878 794 venerant
899 756 942 796 rer
966 735 1122 815 arripuisse,
1142 735 1232 810 eisque
1255 754 1414 794 numeros

355 807 659 876 accommodisse'renr.
700 815 748 872 llli
775 816 841 872 verb
862 816 1056 890 legumlatoree
1080 818 1156 879 novi,
1184 815 1317 891 plerique
1336 816 1413 872 lroc

356 894 411 953 suis
425 891 597 952 obtinentin
619 891 688 950 eniis
712 894 852 968 peculiare
864 894 883 950 :⁸
893 894 976 954 semel
993 894 1097 952 alicubi
1113 891 1212 970 aquid
1226 892 1412 968 deprehen-

356 971 432 1039 ddre,
453 973 529 1030 illico
543 911 662 1050 prolege
676 970 790 1028 liabent.
831 972 921 1048 Atqui
931 973 1019 1049 longo
1031 971 1174 1048 mulasque
1186 989 1256 1046 opus
1272 971 1316 1028 eli
1333 971 1410 1027 stu·

355 1051 415 1118 dio,
436 1051 473 1108 est
485 1069 556 1126 opus
570 1047 684 1106 consilio
697 1047 840 1124 prudenti,
859 1050 915 1108 acri
926 1049 1035 1124 judicio
1052 1067 1121 1128 npur
1141 1050 1198 1108 eu:
1218 1067 1408 1126 quanquam

356 1129 488 1208 equidem
499 1147 553 1186 non
564 1125 700 1204 uegirim,
713 1125 868 1187 fabularum
883 1129 987 1196 initiis,
1002 1127 1049 1186 ubi
1060 1128 1170 1184 animos
1177 1127 1313 1204 auresque
1325 1127 1408 1202 spe·

356 1207 489 1266 &ntorum
505 1203 637 1264 trimetris
652 1201 773 1264 versibus
786 1206 958 1274 imbuissent,
970 1207 1018 1283 ipsr
1033 1205 1083 1264 fibi
1097 1205 1227 1281 suoquali
1237 1204 1304 1278 jure
1315 1223 1406 1282 age-

356 1302 430 1352 rent,
452 1283 582 1360 deinceps
597 1281 764 1360 interspersa
785 1284 889 1342 alicubi
903 1285 1020 1359 ejusdem
1034 1283 1146 1362 generis
1159 1281 1280 1348 senariis,
1298 1281 1406 1360 idque

331 1388 334 1392 ·
357 1383 446 1440 neque
466 1361 582 1440 semper,
603 1381 692 1437 neque
715 1363 835 1431 coactor,
856 1382 946 1439 neque
964 1362 1088 1422 consultd
1101 1360 1406 1427 saslitisleetistima-

357 1449 429 1500 mus.
472 1441 492 1500 F
497 1436 644 1500 uit'tamen
659 1439 712 1498 hoc
724 1438 781 1498 ilsrs
795 1439 827 1498 in
842 1459 918 1498 more
928 1442 1055 1518 positum,
1070 1455 1100 1498 ut
1114 1439 1325 1500 narrationibus
1337 1439 1407 1498 tri-

283 1539 285 1546 *
358 1536 461 1578 metros
475 1515 580 1593 majore
600 1536 634 1576 ex
649 1531 727 1592 parte
747 1517 933 1594 adaptarent:
955 1539 1044 1596 neque
1058 1518 1141 1576 solium
1155 1517 1184 1578 in
1196 1519 1404 1594 argumentis,

335 1593 343 1608 ⁴
358 1614 406 1656 aut
425 1599 552 1676 prologo,
569 1595 621 1656 ‘aut
633 1596 751 1672 protafi;
773 1597 818 1654 sed
831 1597 917 1655 etiarn
927 1597 999 1676 apud
1014 1598 1140 1673 personas
1152 1616 1210 1665 eas,
1225 1617 1287 1671 quae
1297 1597 1404 1654 etiam

357 1677 433 1734 aliud
448 1689 570 1754 agerent.
611 1675 850 1754 Qemadmoduttt
864 1675 925 1734 cirm
938 1678 1032 1736 Davus
1046 1674 1078 1732 in
1092 1675 1209 1743 Andrii,
1223 1674 1334 1734 dealiis
1345 1695 1405 1732 re-

356 1753 411 1814 bus
424 1753 548 1831 loquens,
570 1753 624 1812 alia
637 1755 721 1811 utitur
735 1751 854 1810 versuum
876 1753 1065 1814 dimensione:
1086 1752 1133 1811 ubi
1144 1753 1182 1810 ad
1195 1753 1403 1812 narrationem

358 1831 508 1891 deventum
518 1833 564 1898 ell,
581 1833 616 1903 de
626 1831 691 1890 navi
700 1829 866 1906 frassiapod
879 1833 1018 1898 Andrum,
1026 1833 1060 1890 ad
1070 1831 1209 1890 trimetros
1220 1830 1376 1890 divertitur
1388 1853 1400 1890 ε
1422 1832 1423 1841 ’

438 1911 545 1967 Adher
556 1907 634 1976 masa,
656 1909 699 1966 boc
711 1909 774 1966 mibi
785 1912 878 1967 accedit
887 1918 984 1970 eriam.-
1005 1913 1059 1968 haec
1075 1913 1183 1968 fandria.

399 1989 505 2047 Eadem
517 1986 703 2065 diligentiain
717 1985 848 2062 epistolia.
888 1987 922 2045 ln
936 1990 1066 2048 Pseudolo
1076 1989 1112 2046 ab
1123 1987 1214 2067 longia
1226 1986 1254 2044 in
1266 1985 1401 2048 senarios

360 2066 527 2126 dellesiitur.
548 2067 581 2124 In
596 2065 725 2124 Aenaria
737 2060 927 2142 quoquequbd
938 2070 1047 2142 pastum
1060 2065 1245 2142 conscriptum
1258 2067 1296 2124 etl
1311 2066 1400 2126 inter

362 2143 574 2213 adolescentem,
595 2159 624 2202 et
643 2143 746 2208 lenam,
768 2141 878 2204 senariis
897 2147 1038 2219 expletur:
1058 2145 1240 2223 quoniamst
1263 2147 1400 2206 narratio

349 2224 488 2302 quaedant
504 2245 512 2280 :
532 2241 691 2300 quanquam
703 2241 737 2280 ne
748 2221 793 2278 hic
803 2222 917 2298 quidem
928 2225 1042 2301 semper.
1058 2260 1062 2266 -
1076 2224 1148 2282 Nata
1159 2222 1251 2300 longis
1264 2223 1398 2284 versibus

363 2319 457 2362 narrat
478 2301 508 2358 in
531 2304 660 2361 Rudente
675 2299 815 2376 Grippur,
835 2301 943 2362 eventis
956 2302 1071 2363 snrtonae
1084 2299 1136 2358 sese
1148 2300 1218 2358 bene
1226 2316 1398 2378 acceptum.

363 2383 403 2441 At
416 2379 447 2439 in
461 2379 555 2439 eidem
575 2379 655 2439 senex
668 2377 803 2438 somnium
826 2378 970 2459 trimetris.
1010 2381 1053 2439 Ex
1068 2379 1189 2456 utrisque
1207 2381 1286 2448 arrd,
1302 2397 1398 2459 atque

360 2460 446 2518 etiam
469 2460 530 2517 aliia
545 2458 627 2518 miliia
641 2458 718 2517 Sosia
733 2456 963 2535 Amphitruonis:
985 2479 1146 2538 quanquam
1162 2459 1209 2517 ubi
1226 2459 1263 2515 ad
1286 2478 1396 2519 manus

362 2552 475 2597 ventum
489 2540 537 2603 ess,
559 2538 712 2597 iamborum
734 2534 790 2593 vim
811 2551 895 2615 atque
909 2539 1077 2597 alacritatem
1090 2538 1237 2596 minutiore
1249 2556 1321 2615 gyro
1336 2538 1396 2597 lle-

362 2619 422 2686 clit,
436 2635 470 2674 ac
485 2617 585 2676 vibrat.
619 2616 692 2679 Cum
707 2612 796 2691 igitur
809 2631 864 2672 tam
880 2616 1077 2675 inconstantem
1087 2616 1343 2694 legemrideamns,
1361 2634 1397 2677 ut

361 2692 419 2753 illia
432 2696 520 2772 po'e'tir
535 2714 623 2771 neque
633 2704 704 2752 curae
719 2687 814 2758 suerit,
830 2690 1011 2770 utijsacerent,
1026 2714 1116 2770 neque
1128 2695 1199 2751 salvo
1209 2693 1270 2770 puri
1282 2694 1394 2754 sermo-

338 2770 407 2829 ‘nie
422 2770 511 2831 nitore
525 2775 630 2833 efficere
645 2771 770 2849 poterim,
787 2770 825 2828 uri
841 2772 961 2832 humeris
973 2773 1277 2831 effenrartrittioribur:
1292 2776 1395 2833 nossrc

245 2858 248 2867 ⁴
363 2850 487 2917 inventa,
508 2866 556 2908 aut
568 2848 802 2927 quemadmodum
822 2851 951 2920 exiliunt,
964 2851 1171 2929 permittamus,
1184 2866 1232 2910 aut
1243 2852 1260 2907 fi
1272 2850 1344 2926 quid
1355 2854 1394 2909 sr-

279 2947 281 2969 ¹
363 2928 441 2990 nillri
454 2930 504 2987 sese
518 2932 615 2988 offerat
629 2924 1007 3011 melodinreextorque'arnur:
1031 2928 1249 3005 praesentaretur
1262 2928 1393 2988 licentiae

363 3007 462 3065 uitium
478 3026 540 3064 eum
556 3008 674 3076 Graecia,
697 3007 769 3063 unde
784 3006 960 3086 sumpsissent,
974 3008 1024 3065 sibi
1036 3027 1193 3075 commune,
1202 3008 1330 3078 licentia,
1346 3008 1393 3071 uti

362 3084 444 3151 solet,
465 3086 575 3145 auxere.

403 3162 478 3221 Illud
500 3166 577 3229 verb,
597 3164 669 3241 quod
688 3164 775 3240 aliqui
790 3162 957 3231 dubitando,
976 3165 1090 3243 quidam
1110 3165 1194 3225 etiarn
1209 3166 1393 3225 asseverando

364 3240 515 3319 negabant,
546 3240 651 3301 subulas
672 3242 857 3300 Terentianae
888 3244 1013 3303 trimitris
1031 3244 1263 3321 circumscriptae,
1286 3242 1391 3303 salsum

364 3318 416 3397 esse
436 3318 693 3397 deprehendimus„
717 3320 792 3379 Nam
813 3336 842 3380 et
865 3328 937 3398 apud
958 3340 1021 3381 eum
1035 3324 1145 3400 poitam
1159 3324 1220 3400 plna
1233 3322 1286 3385 esse
1306 3322 1392 3398 hujus

363 3399 496 3457 carminis
518 3400 662 3459 invenies:
683 3416 710 3455 et
724 3398 829 3466 contri,
850 3398 927 3475 apud
950 3400 1075 3462 Plautum
1098 3405 1256 3479 quadratos,
1277 3401 1393 3477 aliaque

361 3474 523 3563 longiorum
532 3494 644 3555 genera.
685 3477 795 3535 Andria
808 3477 878 3552 pen&
891 3496 926 3534 err
938 3498 1018 3553 aequo
1031 3479 1118 3535 diuisa
1131 3478 1161 3536 in
1178 3495 1324 3559 utrumque
1335 3500 1390 3556 ge·

363 3573 416 3613 nus
430 3556 477 3612 est.
518 3556 602 3614 Haud
616 3556 690 3613 enirn
704 3557 744 3614 ita
758 3556 845 3613 multb
856 3555 892 3613 ab
905 3558 996 3633 longia
1011 3556 1179 3615 senariorum
1200 3576 1330 3618 numeror
1343 3560 1392 3615 su-

364 3648 487 3710 peratur.
527 3636 562 3693 ln
581 3636 725 3702 Eunucho,
745 3649 773 3689 et
787 3633 1109 3701 Heautontimorumeno,
1127 3633 1207 3698 item.
1246 3638 1286 3693 At
1299 3635 1329 3693 in
1345 3641 1390 3695 A·

354 3708 474 3783 adelphis
488 3711 560 3787 peni
570 3731 604 3769 ex
617 3714 770 3789 quadrante
789 3713 867 3788 longi
876 3712 911 3769 ab
923 3711 1035 3771 senariis
1048 3714 1229 3772 exceduntur.
1259 3714 1390 3773 Phormi-

361 3808 446 3845 nnero
462 3788 553 3863 potior
566 3786 731 3849 senariorum
752 3791 1013 3849 uumerusconficit.
1053 3791 1165 3866 Hecyra
1182 3791 1269 3850 laxior
1278 3793 1388 3861 sabula,

344 3894 345 3905 r
366 3884 399 3923 ac
419 3866 565 3941 pedelirier
585 3868 641 3928 est:
662 3870 754 3944 itaque
766 3869 892 3939 omniurn
908 3867 1152 3936 Terentiaoarnttt,
1173 3870 1210 3929 ad
1234 3869 1387 3931 sermonem

366 3943 557 4020 quotidianum
579 3946 660 4023 quim
682 3946 807 4023 proxime
821 3944 947 4003 accedit:
967 3949 1006 4005 ess
1027 3964 1117 4005 tamen
1132 3948 1160 4005 in
1175 3951 1208 4007 eri
1220 3947 1389 4007 senariorum

353 4026 427 4097 'plia
442 4022 525 4082 tertii
538 4041 627 4103 parte.
657 4027 697 4083 At
708 4024 815 4091 contri,
826 4024 955 4085 Plautina
970 4025 1148 4102 Amphitruo,
1161 4041 1190 4085 et
1203 4026 1324 4092 Rudent,
1337 4027 1387 4083 vix

364 4118 437 4157 totus
451 4100 589 4177 quadrant
600 4102 728 4178 expletur
741 4102 862 4162 senariis.
904 4102 1039 4169 Asinaria,
1061 4104 1207 4181 Epidicus,
1241 4123 1305 4164 uana
1320 4120 1384 4169 tan·

365 4194 461 4259 rupere
481 4178 540 4258 ipse
563 4194 644 4243 autor
656 4180 762 4252 leudat,
780 4180 965 4259 bustruaria,
985 4181 1167 4251 Menathnri,
1186 4124 1284 4250 Miles,
1303 4184 1385 4242 Mer·

1300 4278 1392 4334 saillis
