2859 4850
635 171 1003 264 'prosecuturus
1090 185 1095 192 ·

361 331 438 392 Hinc
450 329 575 406 Ulyssem
599 329 747 406 palliatum
762 329 1038 410 semperinducunt:
1060 329 1115 387 srve
1128 330 1200 410 quod
1219 331 1366 412 aliquan-

321 413 359 472 do
373 411 508 469 insaniam
523 409 673 475 simulavit,
695 427 751 484 quo
764 423 889 486 tempore
904 411 1004 465 tectum
1018 407 1044 465 se
1058 409 1111 466 esse
1125 411 1226 476 voluit,
1252 431 1292 468 ne
1311 417 1367 488 ag'-

323 493 398 556 nitus
419 505 565 566 cogeretur
578 485 606 544 in
621 487 695 546 bella
709 487 821 562 prodire
834 508 841 543 :
861 489 905 544 seu
919 487 956 544 ob
981 487 1145 562 singularem
1169 488 1366 565 sapientiem,

323 569 385 647 qni
397 569 486 626 tesius
507 567 680 642 munitusque
691 565 842 643 plurimum
853 566 932 624 sociis
947 563 1061 640 prefuit.
1102 565 1194 640 Hujus
1208 566 1292 625 e'nim
1305 569 1368 626 vir·

280 681 281 684 =
324 648 392 705 tutis
406 632 582 712 erit,⁰animi
592 645 700 724 semper
713 643 880 722 decipientis
896 641 1053 720 ingenium.
1093 643 1238 704 Nonnulli
1254 646 1367 704 Ititatae

324 725 442 792 incolas,
466 727 529 781 sicut
540 724 652 790 Locros,
675 722 802 796 palliatos
820 721 902 780 luisse
916 733 1146 780 commemorant.
1188 725 1323 782 Achillis
1337 731 1368 784 e't

326 803 507 882 Neoptolemi
524 802 642 876 personte
656 799 814 858 diademata
837 801 962 869 bubent3
985 805 1113 876 quamvis
1126 802 1241 875 regalia
1255 803 1369 878 sceptra

327 899 469 954 nunquam
498 881 663 947 tenuerint;¹
689 879 766 953 cujus
788 877 946 958 argumenti
973 879 1099 953 probatio
1115 880 1184 938 talis
1196 881 1369 951 inducitur,
1421 954 1424 957 ¹

328 961 405 1034 qubd
430 979 572 1036 nunquam
597 974 659 1014 cum
682 957 790 1032 reliquit
804 957 922 1014 (rra-zia
936 957 1083 1031 juventute
1102 957 1137 1016 td
1151 960 1284 1035 gerenda
1301 954 1370 1020 cons

328 1041 462 1114 Troianis
474 1039 557 1107 bella,
573 1038 743 1096 sacramenta
752 1035 951 1108 conjurationis
959 1036 1091 1103 inierunt,
1104 1056 1302 1118 necunquam
1318 1043 1369 1099 su'b

329 1116 553 1196 Agamemnonis
568 1113 688 1192 imperio
701 1113 823 1172 suerunt.
1001 1125 1020 1176 ·,
1065 1113 1070 1122 ’

373 1199 518 1256 Cornicis
529 1193 630 1250 senibus
645 1192 898 1270 candidusveslitus
913 1190 1068 1261 inducitur,
1077 1193 1154 1272 qudd
1165 1193 1190 1251 is
1202 1196 1368 1274 antiqniffi-
1424 1272 1429 1278 .

330 1293 393 1336 tous
414 1273 491 1332 fuisse
505 1287 682 1330 memoratur.
725 1271 956 1329 Adulescentibus
970 1273 1087 1331 discolor
1101 1273 1279 1332 attribuitur.
1301 1277 1368 1333 Set·

329 1353 468 1410 vicomici
482 1351 582 1408 amisiu
597 1349 698 1428 exiguo
713 1354 910 1426 conteguntur,
931 1351 1102 1428 paupertatis
1115 1351 1242 1428 antiquae
1256 1355 1368 1430 gratii,

330 1433 375 1488 vel
395 1433 451 1508 qud
462 1429 647 1506 expeditiores
661 1445 757 1508 agant.
800 1428 914 1486 Parasiti
926 1447 988 1486 tum
1002 1430 1111 1487 intortis
1125 1429 1220 1507 palliis
1231 1434 1367 1493 veniunt.

330 1505 689 1568 Laeto'veslitucandidust
723 1506 877 1565 aerumnoso
899 1506 1057 1565 obsoletus:
1077 1506 1235 1586 purpureus
1261 1512 1365 1579 diviti,

354 1585 449 1665 nuperi
469 1585 628 1662 phoeniceus
650 1585 746 1643 datur:
768 1584 853 1643 militi
875 1585 998 1658 chlamys
1014 1605 1167 1662 purpurea:
1190 1587 1301 1664 puellae
1315 1594 1367 1647 ha·
1425 1599 1427 1601 ’

330 1609 409 1724 iiius
424 1665 585 1743 peregrinus
599 1663 758 1722 inducitur:
773 1665 838 1722 leno
850 1663 936 1740 pallio
949 1661 1017 1722 rarii
1028 1665 1127 1723 coloris
1139 1667 1245 1725 utitur:
1272 1675 1364 1726 mer'e-

332 1745 397 1802 taici
411 1743 449 1802 ob
462 1745 608 1802 :varitiam
623 1743 728 1801 luteum
741 1743 834 1800 datur.
875 1744 1006 1818 Syrmata
1018 1743 1091 1801 didit
1105 1743 1164 1802 liunt
1175 1745 1212 1803 ab
1223 1766 1269 1813 eo,
1287 1748 1367 1824 quod

330 1823 494 1881 trahuntur:
515 1843 577 1898 quae
598 1839 640 1880 res
667 1821 703 1878 ab
725 1821 828 1882 scenici
853 1819 961 1893 luxurii
987 1821 1110 1886 instituta
1125 1826 1173 1881 est.
1202 1824 1316 1883 Eadem
1336 1829 1365 1884 in

332 1902 458 1959 luctuosis
481 1897 601 1977 personis
624 1899 760 1960 incuriam
773 1899 816 1957 sui
828 1918 878 1976 per
892 1899 1093 1977 negligentiam
1108 1902 1260 1979 significat.
1305 1908 1365 1964 Au·

333 1981 384 2038 laea
405 1997 515 2057 quoque
528 1980 559 2036 in
574 1980 649 2036 steni
660 1977 766 2035 intexta
780 1979 944 2045 sternuntur,
965 1979 1040 2055 quod
1055 1979 1144 2054 pitius
1158 1999 1277 2040 ornatus
1291 2000 1364 2053 erat,

331 2076 367 2117 eat
387 2056 514 2116 Attalici
539 2053 624 2133 regiis
642 2056 762 2114 Romam
788 2056 872 2131 usque
896 2057 1037 2132 perlutus:
1060 2077 1109 2134 pru
1133 2059 1236 2134 quibus
1262 2063 1364 2138 siparia

333 2127 399 2194 retas
414 2137 544 2212 pollerior
556 2134 673 2212 accepit.
713 2135 862 2192 Estautem
877 2135 1020 2193 mimicum
1040 2138 1145 2202 velum,
1167 2141 1241 2214 quod
1257 2143 1366 2217 populo

200 2259 218 2278 2
333 2213 446 2282 obsistit,
468 2215 535 2271 dum
559 2215 712 2272 fabularum
735 2215 812 2270 adius
830 2229 1048 2272 commutantur.
1088 2217 1227 2275 Diverbia
1253 2220 1364 2277 hilirin-

334 2313 384 2353 net
408 2291 640 2370 pronunciabatur.
681 2291 801 2351 Cantica
813 2292 879 2349 verti
905 2294 1132 2368 temperabantur
1142 2295 1247 2364 modis,
1269 2317 1327 2355 non
1340 2298 1365 2354 'ai
1425 2309 1428 2311 “

335 2359 431 2449 posti,
453 2371 496 2431 sed
522 2369 540 2429 e
565 2370 655 2449 perito
678 2370 746 2429 artis
769 2369 878 2428 mulicae
899 2370 991 2429 factis.
1032 2375 1133 2452 Neque
1158 2375 1236 2452 enim
1265 2379 1363 2449 omnia

336 2450 433 2510 iisdem
453 2450 544 2509 modis
567 2452 597 2509 in
623 2466 680 2508 uno
705 2448 1001 2528 cantitoagebanrur,
1022 2449 1067 2510 sed
1091 2454 1161 2528 saepe
1181 2456 1312 2522 mutatis,
1336 2460 1365 2511 u't

337 2529 494 2609 significant
516 2527 565 2606 qui
592 2546 646 2588 tret
670 2546 799 2587 numeros
813 2528 999 2588 incomoediis
1022 2544 1141 2604 ponunt,
1162 2532 1209 2609 qui
1225 2550 1284 2594 tres
1298 2553 1365 2592 con-

337 2609 429 2666 tinent
453 2622 572 2666 mutatos
587 2608 683 2666 modos
696 2606 799 2665 cantici
813 2606 900 2665 illius.
942 2610 1000 2688 Qi
1013 2608 1198 2684 hujuscemodi
1211 2616 1312 2671 modos
1325 2613 1365 2669 sa·

338 2686 462 2751 ciebant.
484 2704 586 2743 nomen
606 2687 636 2743 in
651 2685 791 2763 principio
804 2684 905 2742 subulae
918 2700 946 2741 et
959 2687 1099 2761 scriptoris
1113 2704 1142 2745 et
1154 2691 1256 2748 actoris
1271 2692 1365 2766 super-

338 2767 492 2841 ponebant.
531 2762 695 2837 Huiusmodi
709 2764 779 2827 aded
793 2763 918 2821 carmina
931 2766 966 2821 ad
978 2764 1062 2823 tibias
1077 2766 1198 2835 fiebant3
1220 2785 1252 2826 ut
1261 2770 1306 2827 his
1318 2790 1363 2841 arr-

339 2842 418 2911 ditis,
442 2841 523 2899 multi
532 2844 567 2899 eis
577 2839 754 2917 populounte
766 2839 912 2910 discerent,
934 2862 1019 2918 quam
1034 2844 1156 2902 fabulam
1168 2848 1254 2905 aeluri
1266 2848 1365 2907 scenici

339 2922 433 2988 essent,
463 2918 549 2997 quiun
572 2918 693 2985 omnino¹
714 2919 907 2993 spedlatotibus
931 2920 996 2998 ipss
1009 2926 1176 2982 antecedens
1191 2925 1290 2983 titulus
1302 2946 1365 3003 pro·

340 3000 527 3056 nunciaretur.
569 2997 734 3073 Agebantur
756 2999 940 3060 sotemtibiis
956 3001 1065 3075 paribus
1082 3019 1129 3059 aut
1142 3002 1313 3072 imparibus.
1338 3019 1365 3063 et

339 3076 445 3134 dextris
456 3090 505 3134 tut
517 3074 638 3133 sinistris.
673 3077 788 3134 D'extrae
802 3094 893 3135 tutem
904 3094 934 3133 et
947 3078 1043 3149 L'ydiae
1058 3082 1102 3139 tut
1112 3084 1254 3159 grauitate
1269 3084 1363 3142 seriam

316 3194 321 3205 .
339 3153 484 3213 comoediae
494 3152 641 3209 dislionem
658 3154 891 3231 pronunciabant.
926 3158 1047 3233 sinistrae
1058 3176 1087 3214 et
1099 3163 1299 3226 Serranaeacun
1311 3162 1365 3218 inis

277 3276 280 3291 .
341 3234 456 3290 levitate
477 3232 570 3305 jocum
596 3230 625 3288 in
652 3232 792 3290 comoedii
815 3233 1004 3294 ostendebunt.
1048 3238 1104 3293 Ubi
1121 3237 1212 3297 aut'em
1228 3241 1365 3299 dextri'et

317 3332 323 3355 ¹
342 3311 445 3369 sinistri
458 3313 518 3368 asle
531 3310 628 3380 sabula
640 3310 854 3380 inscribebatur,
875 3314 973 3372 mistim
984 3314 1043 3389 joci
1053 3332 1081 3372 et
1091 3312 1243 3393 gravitates
1258 3321 1366 3385 denitu-

303 3402 306 3415 ’
340 3388 495 3449 ciebantur.
689 3392 691 3399 ’
1097 3410 1103 3427 ⁴

375 3540 555 3608 DESID.
593 3542 856 3610 ERASMUS
895 3545 1334 3619 ROT-ERODAMUS

509 3642 570 3705 on
605 3646 793 3732 morters
822 3647 1196 3733 turturinum.

382 3788 529 3849 COMle
544 3790 639 3850 Latini
652 3791 769 3851 multam
784 3790 946 3868 libertatern
956 3792 1005 3851 sbi
1019 3794 1181 3873 usurprirunt
1195 3798 1225 3855 in
1236 3788 1364 3864 veilibus.

225 3908 231 3919 .
343 3866 390 3924 sed
417 3888 501 3927 nemo
536 3870 639 3949 largitis
668 3871 826 3929 Terentio:
871 3872 940 3929 adeo
967 3890 997 3931 ut
1023 3875 1096 3949 apud
1115 3876 1224 3951 priscos
1257 3878 1363 3957 quoque'

344 3946 450 4009 suerint
471 3947 520 4026 qui
543 3949 712 4024 judicarent,
733 3948 855 4025 inhujus
881 3950 983 4009 sabulis
1007 3952 1111 4009 nnllam
1139 3956 1190 4011 else
1212 3958 1361 4016 carminum

343 4024 447 4101 legem.
486 4025 539 4082 Sed
566 4028 615 4085 hos
643 4028 891 4087 sullimanilellum
911 4032 958 4087 est.
997 4030 1099 4089 Rursus
1120 4029 1232 4090 suerunt
1247 4038 1362 4113 quinon

346 4105 494 4181 neglrunt,
515 4104 552 4159 ab
565 4104 618 4161 lue
639 4105 737 4163 servari
760 4120 913 4167 metrorum
928 4110 1014 4187 leges,
1035 4106 1128 4169 sedob
1142 4112 1314 4172 immodicam
1329 4114 1362 4170 li-

220 4196 227 4229 t
347 4180 480 4265 bertanem
505 4200 559 4246 uon
580 4184 632 4241 esse
656 4202 748 4263 opera
772 4186 895 4265 pretium
915 4190 1036 4265 torqueri
1049 4189 1141 4248 doum
1156 4191 1309 4250 carminum
1322 4191 1361 4248 di-

776 4272 786 4296 ‘
818 4298 824 4308 ·
1215 4274 1361 4336 mendene,
