2859 4850
395 151 786 279 raaaurtaua
843 175 863 254 f

85 331 266 423 denegandum
283 341 378 404 miubs
397 343 548 404 contenire
561 343 696 404 videatur.
738 345 854 406 Versum
867 349 920 407 ell'e
934 349 1102 418 trochaicum

29 431 30 458 ³
83 425 180 490 constat,
202 424 218 480 h
243 429 308 481 audi
328 443 389 481 non
414 423 594 491 detrahimus,
621 424 905 501 hypercatalecticum,
931 430 994 486 citm
1021 431 1101 490 Dorio

83 503 187 578 primam
203 503 308 559 babeat
323 501 461 579 longam:
485 501 675 560 &muneribus
689 503 775 569 enim,
798 525 852 561 noo
864 507 899 562 ab
913 493 984 564 histis
998 527 1099 568 nomeu
1137 507 1141 512 ’

84 581 161 644 habet,
179 593 207 636 et
225 579 257 636 in
274 581 325 636 haic
340 579 402 655 ipsi
420 579 498 638 scena
513 579 555 637 bis
574 581 662 656 primi
675 584 806 656 proruat
818 586 970 659 reperitur:
994 587 1032 644 liu
1047 587 1098 644 de-

82 657 208 724 trahimus,
229 673 261 716 ct
283 659 429 716 sententia
446 657 609 726 consulitur,
634 675 663 715 et
676 661 766 720 versus
788 661 939 720 trochaicus
960 665 1096 722 fietcata-
1148 673 1153 685 '

80 735 186 802 ltdlitus,
208 738 310 812 quales
329 735 379 813 qui
394 735 541 813 lequuntur
561 757 668 803 omues,
688 738 736 814 qui
750 739 864 816 quidem
881 740 1012 798 trochaici
1023 743 1094 802 suut.

80 815 202 890 Paramper
214 813 290 874 illud
305 815 439 874 Phaetrzae
453 815 486 869 ad
500 815 730 888 exspectationem
750 817 885 894 pecunia,
903 839 957 876 nou
971 820 1005 876 ad
1015 823 1094 878 audi·
1140 888 1145 896 ‚

78 893 169 950 endam
186 893 289 951 referri
312 893 415 950 debere
436 891 550 951 omniuo
570 894 722 951 confirmo:
744 886 973 969 lequitur'euim,
998 900 1094 975 Nequeo

78 993 166 1028 exarare
177 987 204 1028 at
218 994 324 1030 maras
342 976 457 1029 triduom
481 973 549 1028 boo?
569 972 657 1030 Locus
672 973 722 1029 boc
735 971 838 1030 habere
859 975 999 1032 sententia
1012 977 1093 1034 vide-

80 1065 124 1115 tur,
143 1049 244 1114 Durio,
259 1049 355 1126 iuquit
369 1047 504 1116 Phaedria,
525 1049 648 1126 exspedla
661 1049 769 1108 oblecto
782 1051 848 1110 dum
864 1053 1010 1128 pecuniam
1024 1074 1094 1113 cott-

78 1126 137 1182 taio.
168 1129 273 1196 surdo,
295 1127 386 1204 iuquit
401 1127 502 1196 Dorio,
518 1127 640 1185 fabulata
657 1149 757 1187 narras.
780 1131 892 1187 Milium
904 1152 949 1188 me
963 1133 1018 1199 fac,
1031 1154 1091 1191 mo-

80 1205 142 1262 ltibus
155 1225 196 1264 es.
216 1205 276 1264 Hic
293 1205 431 1274 Phaedria,
448 1209 514 1264 Audi
528 1212 690 1282 piraticam,
705 1211 794 1274 Dorio,
809 1231 899 1265 nonme
909 1219 996 1281 capit:
1018 1215 1091 1287 quod

78 1303 209 1362 parumper
221 1299 294 1364 peto
308 1302 338 1343 ut
353 1287 502 1362 ext'pcdles,
524 1287 559 1341 ell
573 1303 601 1342 ut
616 1285 741 1342 triduum
761 1288 867 1344 tantiam
891 1288 1035 1364 exspectes,
1057 1311 1093 1347 ne

79 1361 137 1437 quod
149 1381 302 1442 parumper
317 1381 347 1422 ut
357 1365 494 1439 cxl'pcdies
506 1379 580 1438 peto,
602 1380 694 1440 putes,
705 1378 799 1441 petere
812 1385 867 1433 me,
880 1365 1025 1426 homiuum
1040 1370 1092 1426 ali.

78 1459 141 1498 orum
155 1461 241 1507 more,
263 1459 294 1500 ut
308 1443 334 1500 in
351 1443 453 1500 multos
468 1439 526 1498 dies
541 1458 588 1499 aut
602 1443 864 1520 mensesexspetles.

108 1521 142 1576 Α.
156 1521 301 1598 Mfiritum
314 1526 354 1597 est.
379 1522 410 1578 P.
428 1523 474 1578 Hei
485 1528 557 1580 ‘verit
568 1528 668 1579 vincor.
708 1522 748 1578 G.
762 1523 1089 1600 Qaimrstuierpuestmt't't'

72 1592 143 1674 Jtt'i]
166 1601 194 1655 lu
211 1599 267 1656 haic
281 1597 361 1658 scendi
375 1600 461 1656 tersus
476 1619 530 1656 noo
546 1601 582 1656 est
596 1599 662 1655 alius
677 1599 815 1658 difficilior
838 1601 991 1659 intellectu.
1032 1607 1089 1661 Mt.
1135 1659 1138 1665 ,

71 1673 159 1742 firitaa
172 1683 215 1745 esi,
238 1677 335 1736 dicere
349 1673 399 1756 per
413 1677 530 1735 ironiam
548 1677 738 1752 Antiphonem
753 1681 812 1735 vult
837 1681 992 1754 interpres:
1014 1683 1090 1756 quod

79 1767 120 1824 ego
132 1751 170 1812 illi
187 1755 330 1813 offensior.
371 1749 411 1814 tlt
422 1757 487 1832 quid
503 1757 534 1812 stt
546 1761 616 1812 orris
629 1764 738 1812 vincor:
758 1758 835 1831 quid,
847 1759 932 1833 Qairr
945 1764 977 1830 rsl
990 1778 1090 1834 uterque

73 1827 147 1900 fim'lis
156 1834 210 1904 fia',
234 1853 328 1910 neque
342 1833 390 1890 ille
404 1833 484 1897 dicit,
504 1853 592 1910 neque
607 1851 660 1912 ego
674 1835 805 1911 allequur.
847 1837 987 1912 Scriptum
1011 1837 1089 1894 soille

78 1909 154 1976 credo,
174 1911 225 1968 Har·
239 1921 314 1970 veris
327 1919 427 1971 viator.
472 1911 613 1970 Vincebat
623 1913 698 1970 enim
713 1915 820 1972 lenonis
834 1913 863 1971 in
881 1915 1008 1988 negando
1024 1935 1088 1990 per-

67 2009 70 2018 ·
81 1985 169 2046 tinacia
180 2005 208 2046 et
218 1991 384 2068 loquacitas,
396 1989 571 2048 adolescentis
584 1993 696 2067 ingenui
712 2009 794 2069 atque
807 1993 928 2049 liberalis
943 1993 1086 2068 pudorem.

79 2064 249 2140 Quamobrem
272 2069 363 2127 secum
379 2071 464 2127 Geta.
504 2069 594 2144 Qitm
615 2071 677 2127 letto
704 2071 739 2135 is,
761 2069 863 2146 inquit,
883 2091 971 2129 utores
997 2071 1086 2129 leonis

80 2142 159 2212 lubet,
169 2162 196 2206 et
211 2149 340 2214 thtedtia
355 2149 483 2224 pudentis
498 2144 580 2224 atque
594 2149 714 2206 liberalis
729 2149 919 2214 auolctcentis,
934 2150 982 2225 qui
998 2152 1087 2208 verbis
1128 2158 1134 2168 ’

81 2217 189 2281 iltnoue
204 2225 280 2282 'viuci
295 2228 320 2284 se
335 2229 460 2286 fateatur.
500 2225 539 2282 Et
559 2227 630 2284 scen.
645 2227 696 2284 Ill.
736 2229 805 2284 Dum
824 2233 905 2307 igitar
920 2234 982 2285 diem
1001 2229 1083 2305 laren]

83 2299 140 2356 Dior
154 2324 206 2360 una
221 2305 350 2381 syllaba;
372 2307 443 2362 hunc
466 2305 566 2362 versum
585 2305 652 2362 citat
675 2301 825 2364 Priscianus
848 2309 997 2363 limodiam:
1024 2309 1085 2382 Ego

84 2381 139 2437 nato
152 2401 262 2461 propter
273 2384 441 2463 elegantiam
453 2383 585 2461 syllabam
601 2385 691 2441 facere
705 2403 786 2457 uuam
801 2384 881 2463 quiam
897 2385 1004 2445 tollere.
1020 2386 1084 2443 cum

83 2458 226 2519 eiditlione
242 2462 361 2529 sublati,
384 2464 469 2522 versos
490 2464 574 2521 etiam
600 2462 674 2520 aliud
699 2464 840 2520 derideret.
880 2466 921 2521 Eat
946 2464 1007 2519 Ait.
1031 2466 1083 2521 tv.
1108 2474 1111 2477 ’

84 2534 137 2593 latu.
150 2542 196 2598 ll'.
213 2541 354 2617 Ar'oſjaex]
377 2544 487 2619 aruspex
500 2542 546 2619 qui
561 2542 596 2598 ab
610 2544 717 2619 harugit
731 2540 878 2616 perimatur,
899 2543 1017 2617 primatu
1033 2562 1083 2599 vo·

83 2614 151 2673 talem
165 2615 264 2677 habere
279 2619 363 2678 debet
377 2620 535 2697 aspiratam.
762 2631 766 2639 “
1117 2639 1121 2650 ’
1170 2673 1176 2679 .
1286 2671 1290 2678 .

111 2694 145 2750 lit
159 2700 218 2755 Act.
235 2700 273 2757 V.
290 2697 363 2756 scen.
380 2700 416 2756 Il.
433 2696 680 2775 Vorſsaramsol-vir.]
704 2698 813 2769 Varfitra
826 2696 917 2774 potius
932 2696 1080 2774 legendum
1228 2743 1232 2752 ,

82 2768 174 2845 septimo
184 2777 256 2849 caso,
278 2776 365 2852 quiam
378 2782 518 2856 vorstrram
532 2777 580 2833 etst
592 2778 693 2835 Budaeo
708 2777 788 2833 aliter
800 2776 918 2833 videtur.
959 2778 1079 2841 Ericen,

82 2846 121 2903 lll.
133 2852 375 2933 capiebarstotim]
397 2858 488 2914 Statim
502 2854 592 2935 priore
607 2856 691 2935 luogo
709 2874 760 2931 pro
773 2870 903 2933 perpetuo
917 2869 945 2910 et
965 2855 1081 2931 aquali·

83 2938 122 2999 tet.
155 2930 275 2991 liticen.
291 2934 347 2994 vt.

142 3008 178 3066 G.
193 3012 345 3089 Vapulabis.
372 3016 414 3071 tl}
424 3014 457 3071 Id
466 3012 515 3073 tibi
518 3017 579 3093 jam
592 3006 745 3090 quidemfiet,
766 3012 815 3085 rifi
823 3014 922 3087 refistis‚
933 3009 1049 3068 verbero.

143 3088 178 3144 G.
193 3092 394 3149 Familiariorem
406 3106 495 3165 oportet
504 3094 546 3167 effa
559 3090 673 3169 hanrqiti
686 3097 819 3149 minitatur
832 3089 931 3146 malam.

112 3162 214 3225 Saeuam
229 3171 303 3226 hauc
318 3170 463 3229 trochaicis
478 3172 600 3229 constare
613 3166 783 3245 cattleElicis
797 3169 884 3225 versus
898 3166 1079 3240 metientibus

81 3239 166 3299 clarum
179 3248 223 3303 etl.
266 3250 361 3326 Qare
374 3250 435 3305 cbm
452 3250 526 3325 prior
546 3248 595 3305 ille
606 3310 610 3316 ¹
621 3250 710 3306 versus
735 3266 824 3323 neque
845 3246 1000 3303 trochaicus
1013 3248 1079 3304 cll'et

82 3318 271 3399 rjustuenlurr,
282 3325 365 3401 quiam
380 3326 545 3385 Terentiani
558 3327 649 3385 versus
661 3344 802 3403 nunquam
814 3322 962 3389 excedunt,
972 3324 1079 3387 hocetl,

83 3397 130 3455 cim
143 3420 224 3479 neque
237 3406 330 3461 octon.
342 3406 407 3461 cllet
419 3404 603 3471 catalecticus,
613 3425 700 3481 neque
715 3404 989 3480 hypercatalecticus,
1004 3401 1078 3458 inci-

83 3474 115 3529 dit
126 3479 342 3559 animosuspicio,
356 3484 416 3542 loco
425 3482 530 3561 aliquid
544 3483 595 3539 elle
609 3482 745 3546 additum,
766 3482 807 3539 uel
823 3481 1075 3539 contumatiam:

83 3552 133 3625 quid
145 3556 171 3613 id
184 3560 230 3617 else
244 3550 338 3637 pollet,
348 3580 410 3619 cum
425 3562 543 3636 reperire
557 3580 610 3618 nou
626 3561 728 3638 possem
740 3559 899 3635 cogitando,
914 3558 1076 3615 incothcem
1104 3576 1123 3611 a
1139 3570 1146 3583 ·

84 3630 352 3717 incidi,vixdrgnum,
366 3640 414 3718 qui
430 3638 590 3697 mihilidem
601 3639 691 3698 facere
704 3638 829 3706 deberet,
839 3636 889 3694 nia
899 3634 1077 3713 judi.iitatio

85 3712 210 3773 accelillet.
246 3718 280 3773 lu
297 3717 646 3795 coitascriptumreperi:
910 3733 919 3747 '

143 3792 178 3849 G.
193 3794 342 3869 Vaprtiabis.
381 3798 493 3855 Coriolis
505 3798 615 3855 vernula
631 3800 665 3869 est
677 3801 721 3875 qui
733 3817 771 3853 me
782 3810 870 3852 vacat.

144 3872 175 3925 b·
194 3874 227 3931 Id
235 3874 287 3931 tibi
300 3875 521 3953 qaidrmjomfirr,
543 3874 698 3950 nfirtſsstis,
719 3873 835 3949 verbrro.

142 3946 174 4005 G.
185 3951 381 4009 Familiariorem
389 3968 479 4029 oporiet
490 3956 533 4030 affl
545 3954 661 4029 huncqui
672 3960 771 4009 minitat
782 3953 880 4027 malam.

112 4023 170 4101 Qua
180 4026 258 4087 leitio
272 4044 384 4107 propter
398 4028 496 4089 multas
511 4029 550 4086 rei
560 4030 629 4089 mihi
645 4031 796 4106 probatur:
818 4026 906 4086 versui
918 4024 992 4085 enim
1005 4044 1073 4083 con·

88 4095 169 4171 lulitut,
188 4122 212 4163 ct
226 4108 255 4165 id
269 4108 344 4185 quod
366 4108 489 4182 subjecit,
509 4109 710 4167 Familiariorem
728 4110 770 4185 ff
788 4121 890 4179 oportet,
911 4114 954 4183 qai
969 4111 1072 4161 minitat

87 4178 163 4253 nain,
186 4186 338 4267 explicatur
360 4186 466 4267 tnagis:
500 4204 597 4246 vocare
617 4186 694 4246 cuim
713 4183 807 4265 potuit
829 4185 929 4263 quivit,
957 4181 1073 4269 Wffflla
1254 4215 1266 4239 t

479 4280 536 4347 e4
978 4275 1072 4330 ettam,-
