2859 4850
628 139 990 216 PROLEGOMENA

302 289 408 360 oprimi
426 291 550 340 extrema
562 279 613 348 esl,
629 279 705 342 tollit
729 279 961 353 frequentiffimd:
980 281 1104 339 extremi
1123 279 1331 357 primevam·

303 364 392 420 vocali
405 363 442 418 est
452 361 514 417 clim
525 358 561 416 ad
574 357 758 418 inchoandum
768 360 928 437 sequentem
941 373 1057 418 utatur:
1078 361 1115 418 esl
1124 361 1201 426 edm,
1219 359 1328 417 amre

303 441 408 498 vocalia
420 439 463 505 sit,
483 435 602 496 {vocali
622 455 684 512 qun
704 437 864 516 sequentem
885 437 999 496 inchoat
1016 439 1134 503 versum,
1155 438 1224 495 didi
1245 437 1326 504 uelit,

302 517 536 597 quemadmodum
556 535 619 594 qum
633 515 794 594 sequentem
807 517 931 584 iucbonr,
951 516 989 574 ab
1001 517 1033 573 eri
1045 516 1159 574 interim
1174 517 1331 576 absumitur·

303 595 395 656 vocali
409 615 470 671 qun
483 598 684 672 praecedentem
696 595 815 654 claudit.
855 595 925 652 Hac
941 595 1049 669 judicio
1067 597 1158 652 nostro
1175 597 1247 660 sunt,
1265 611 1334 672 quae

303 677 340 734 de
359 673 479 734 verfibui
494 673 672 737 Terentianir
691 687 721 732 et
733 672 851 756 praecipi
861 673 1020 738 debuerunt
1039 674 1200 740 necesarid,
1219 687 1249 730 et
1261 669 1333 736 rete

304 769 464 838 potueruut.

391 918 474 992 DE
498 917 693 990 cunis
720 859 1239 994 manaannsrnun

344 1065 400 1124 DE
413 1061 487 1122 ludii
502 1061 709 1140 Megalensibus
722 1060 790 1139 quia
800 1061 870 1120 certi
884 1059 958 1122 nibil
968 1062 1044 1137 apud
1057 1061 1189 1126 authurae
1207 1063 1332 1141 reperie,

305 1142 384 1209 bam,
406 1160 461 1203 nou
481 1141 530 1208 aba
552 1159 580 1197 re
600 1139 710 1216 putavi,
731 1160 793 1218 quae
813 1139 947 1218 colligere
965 1137 1026 1214 ipse
1040 1142 1130 1216 potui,
1152 1141 1183 1200 io
1205 1144 1330 1208 medium

305 1220 416 1278 afferre.
457 1228 621 1292 Mryoenrusae
638 1237 757 1296 magnou
775 1218 834 1276 diei
853 1218 870 1274 ὲ
889 1218 997 1277 Graecis
1015 1217 1091 1276 deur·
1104 1221 1203 1277 antbor
1215 1221 1251 1277 ets
1265 1221 1330 1279 Do·

305 1315 406 1356 natos:
427 1302 483 1362 01³<
496 1297 572 1366 enim
582 1297 680 1358 AEoler
698 1297 765 1359 deut
784 1311 904 1356 vomet:
922 1298 997 1359 uude
1010 1297 1132 1372 Sibyllae
1144 1297 1272 1368 dicivult
1286 1305 1330 1358 A·

305 1377 389 1452 risloq
410 1376 484 1452 quod
495 1375 608 1432 deorum
623 1389 729 1433 mentes
740 1375 907 1452 consiliaque
921 1374 1099 1464 perspiciant.
1125 1378 1248 1456 Magnos
1262 1379 1332 1444 vend,

305 1453 384 1518 deor,
406 1452 547 1532 intelligo,
565 1471 635 1530 quos
649 1453 792 1528 Majnrum
807 1452 946 1511 Gentium
959 1456 1058 1514 Cicero
1069 1471 1161 1523 vocat,
1182 1455 1230 1534 qui
1242 1455 1258 1513 ὲ
1272 1471 1331 1513 ter·

305 1533 343 1598 uis
364 1531 392 1590 in
408 1531 509 1590 coelum
531 1551 585 1589 non
606 1531 775 1610 peruenire:
798 1531 868 1591 talea
891 1531 1065 1592 habebantur
1077 1533 1195 1608 Jupiter,
1215 1535 1328 1612 Neptu·

306 1629 370 1678 nus,
387 1611 529 1677 Minerua,
545 1611 630 1686 Junu.
653 1612 691 1668 At
704 1631 796 1688 neque
810 1609 921 1690 magnii
934 1611 1066 1668 omnibus
1078 1611 1142 1679 diis,
1158 1613 1202 1669 sed
1216 1615 1330 1672 tantum

306 1689 459 1751 coeleslibus
469 1707 549 1747 erant
562 1688 592 1745 hi
603 1689 661 1750 ludi
675 1689 837 1748 consecrati.
875 1690 936 1748 Hos
950 1689 1003 1746 esse
1017 1709 1084 1765 quus
1100 1690 1238 1750 Romanus
1252 1691 1329 1750 iute-

306 1767 345 1826 ris
357 1768 484 1826 videmus
497 1767 661 1846 appellatus,
682 1787 717 1825 ex
730 1786 764 1826 eu
775 1767 893 1842 colligo,
913 1767 988 1844 quod
1003 1767 1136 1826 Asconius
1150 1769 1254 1836 scribit,
1268 1771 1330 1830 Rur

305 1865 404 1906 manos
418 1844 498 1904 ludos
514 1863 630 1922 magnos
644 1865 754 1922 quoque
765 1845 910 1924 appellati,
925 1845 1001 1922 qudd
1012 1846 1121 1924 magnis
1131 1846 1185 1904 diis
1195 1862 1274 1906 erant
1284 1849 1331 1905 in-

306 1923 415 1992 stituti:
434 1943 502 2002 quoa
515 1925 624 1982 eosdem
639 1923 780 1982 Circenses
794 1923 881 1984 diuos
894 1939 985 2000 putat.
1025 1925 1186 1985 Undeillud
1199 1926 1332 2004 Virgilii,

305 2003 412 2080 Magnis
426 2000 580 2078 Circensibus
596 2007 670 2060 aliis.
709 2003 775 2061 Non
794 2003 849 2062 csl'c
867 2001 977 2061 eosdem
996 2001 1074 2060 ludos
1095 2005 1279 2084 Magalenser,
1299 2022 1331 2064 et

305 2101 353 2140 eoi
374 2099 457 2158 equos
472 2079 624 2160 Megalesia
636 2079 768 2148 dicimus,
785 2079 975 2148 exCicerunis
985 2082 1151 2152 urationede
1165 2083 1330 2164 Aruspicum

306 2158 437 2233 responsis
452 2161 546 2233 aperte
559 2156 733 2238 colligimur,
744 2158 792 2216 ubi
806 2160 960 2240 Megalesia
975 2160 1179 2238 Megalensibus
1192 2162 1329 2220 celebrari

306 2238 398 2296 dicit:
420 2237 515 2296 Verba
530 2238 564 2294 sic
584 2236 699 2296 habent.
741 2239 817 2296 Nam
832 2239 901 2318 quid
919 2257 972 2316 ego
987 2239 1022 2295 de
1041 2239 1097 2297 illis
1123 2239 1195 2298 ludis
1215 2241 1327 2320 loquar,

306 2335 375 2395 quos
390 2317 420 2374 in
435 2315 538 2390 palatio
549 2315 628 2374 nostri
645 2315 761 2392 majores
770 2333 834 2374 ante
843 2316 977 2396 templum
988 2315 1016 2373 in
1028 2316 1086 2395 ipsu
1096 2318 1200 2376 Matris
1212 2320 1329 2395 Magnae

305 2394 451 2473 conspeetu
461 2393 667 2473 Megalensibus
677 2395 737 2455 sieri
746 2395 935 2475 celebrarique
944 2396 1111 2455 noluerunt?
1125 2397 1173 2475 qui
1182 2398 1244 2456 suut
1252 2418 1331 2459 mure

305 2474 490 2553 institutisque
502 2471 623 2541 maximi?
633 2470 711 2542 calli,
723 2473 856 2543 solennes,
867 2474 1000 2554 religiosi,
1010 2475 1112 2551 quibus
1123 2476 1196 2535 ludis
1206 2476 1330 2555 primum

306 2566 372 2613 ante
386 2552 485 2639 popili
494 2552 644 2619 'consessum
655 2550 760 2611 senatui
775 2555 806 2613 P.
823 2554 972 2613 Africanus
986 2552 1086 2611 iterum
1104 2556 1194 2614 consul
1208 2556 1256 2613 ille
1269 2576 1329 2614 nia-

303 2632 349 2709 jor
361 2632 448 2699 dedit,
471 2646 501 2689 ut
514 2649 561 2689 eos
574 2632 654 2694 sudor
674 2630 732 2689 haec
746 2631 805 2690 luen
820 2630 930 2712 impura
940 2630 1095 2707 pollueret:
1117 2634 1174 2711 qud
1188 2634 1206 2690 ti
1219 2635 1280 2711 quic
1290 2635 1328 2693 si·

307 2712 357 2768 ber
366 2726 413 2767 aut
426 2708 576 2787 spatiandi,
590 2706 733 2768 autetiam
744 2710 890 2790 religionqu
902 2709 984 2769 causi
996 2712 1149 2774 accesserat,
1167 2718 1263 2782 manus
1277 2715 1329 2770 ad-

306 2789 482 2848 ferebantur:
498 2788 553 2865 qm
563 2802 690 2847 matrona
701 2788 778 2846 nulla
787 2787 858 2848 adiit
868 2800 982 2867 propter
992 2788 1047 2847 vim
1059 2790 1266 2869 consessumque
1276 2792 1331 2849 ser·

303 2886 414 2927 vorum.
456 2868 497 2925 Ita
511 2866 590 2925 ludos
604 2884 650 2923 eoa
664 2884 781 2945 quorum
795 2867 896 2947 religio
906 2882 984 2935 tanta
996 2868 1044 2933 ess,
1059 2865 1092 2925 ut'
1102 2885 1136 2926 tx
1149 2869 1254 2927 ultimis
1272 2886 1328 2927 ter·

305 2947 346 3005 ris
358 2946 483 3004 accerfita
498 2944 527 3003 in
540 2942 590 3002 haic
603 2946 670 3003 urbe
681 2945 842 3011 consederit,
855 2945 904 3025 qui
914 2960 942 3005 et
953 2946 1001 3003 uni
1009 2946 1068 3004 ludi
1079 2966 1113 3004 ne
1121 2947 1208 3018 verbu
1215 2940 1329 3027 quidem

305 3023 600 3101 appellanturLatino,
616 3038 647 3081 ut
657 3022 868 3099 vocabuluipso,
881 3037 911 3082 et
919 3023 1043 3101 appetita
1056 3024 1157 3103 religio
1164 3028 1288 3088 exteina.
1299 3040 1329 3098 et

248 3166 253 3181 ι
306 3102 404 3171 matris
418 3122 526 3195 magnae
540 3100 654 3159 nomine
665 3102 788 3178 suscepta
800 3103 974 3162 declaretur:
996 3102 1044 3172 boa
1059 3103 1137 3168 ludos
1156 3104 1226 3175 servi
1249 3106 1326 3163 fece-

306 3196 384 3250 runt,
404 3180 475 3239 servi
499 3180 696 3257 spectaverunt,
716 3196 775 3241 tuta
787 3178 907 3258 denique
918 3182 972 3240 hoc
984 3180 1059 3239 aedili
1073 3183 1207 3245 servorum
1222 3182 1328 3259 Mega-

306 3258 372 3318 lelia
385 3258 507 3322 suerunt.
547 3258 678 3326 Extrema
691 3259 750 3323 haee
760 3258 844 3316 verba
856 3259 1001 3319 declarant
1010 3259 1172 3327 illorludus,
1184 3280 1253 3339 quoe
1263 3263 1328 3323 Me·¹

306 3336 461 3430 galensibus
473 3338 501 3395 in
519 3336 621 3413 palatio
639 3337 668 3395 in
684 3336 743 3415 ipso
754 3338 855 3395 Matris
865 3338 1130 3417 Magnaeeonspeclu
1143 3340 1201 3400 fieri
1215 3339 1330 3399 dicebat

306 3415 391 3475 initio
403 3415 456 3474 esse
466 3414 637 3490 Megalesia:
653 3434 716 3475 nam
731 3430 759 3473 et
770 3414 869 3475 Livius
877 3415 973 3475 scribit
986 3419 1030 3474 M.
1041 3420 1105 3491 jun.
1114 3419 1228 3476 Brutum
1239 3416 1328 3477 :edem

306 3513 414 3571 magna
435 3495 517 3552 matti
531 3492 613 3552 deum
634 3494 663 3551 in
680 3494 784 3569 palatio
796 3494 942 3563 dedicisse,
962 3510 992 3552 et
1004 3494 1082 3552 ludos
1092 3496 1128 3553 ob
1142 3514 1203 3553 eam
1215 3495 1330 3553 dedica-

307 3574 412 3631 tionem
434 3572 529 3639 saslor,
562 3573 715 3651 Megalesia
744 3572 904 3651 appellilse.
945 3572 1120 3707 Megalenses
1153 3578 1235 3650 pond
1258 3576 1331 3657 ludi,

307 3652 362 3710 slve
383 3651 516 3715 Romani,
537 3649 591 3707 siae
614 3650 729 3729 Magni,
750 3654 805 3709 si've
826 3650 978 3714 Circenses,
1007 3654 1046 3709 'ub
1067 3651 1180 3728 regibnn'
1195 3652 1268 3710 sudre
1283 3654 1330 3709 in-

205 3790 209 3806 ,
305 3729 408 3791 stituti:
422 3728 636 3805 fiebantquesub
646 3728 759 3789 initium
771 3728 870 3799 mendi
881 3728 1051 3806 Septembris
1064 3752 1071 3786 ε
1086 3733 1221 3789 durabant
1234 3746 1327 3789 autem

306 3827 361 3867 nou
383 3807 501 3883 amplius
515 3808 573 3865 dies
588 3824 707 3867 novem:
738 3808 845 3880 Ciuero¹
858 3807 889 3868 in
904 3813 1011 3866 actione
1032 3802 1123 3883 uri'md
1138 3808 1165 3867 in
1189 3814 1302 3868 Verrem
1319 3833 1326 3867 ι

305 3886 397 3958 Noun
416 3884 573 3944 sunthodia
585 3886 712 3953 Sextiles,
734 3886 802 3957 hora
822 3904 896 3943 noua
916 3886 1065 3944 convenire
1087 3887 1227 3961 curpissii:
1254 3886 1329 3946 hunc

306 3965 381 4025 diem
392 3964 451 4040 jam
467 3983 501 4021 ne
515 3980 661 4023 numerant
673 3963 805 4045 quidem:
826 3966 921 4023 decem
936 3964 995 4021 dira
1010 3964 1070 4020 sunt
1084 3980 1148 4021 ante
1162 3968 1240 4022 ludur
1256 3969 1327 4022 roti-

307 4062 365 4111 nus,
388 4060 454 4121 quos
470 4042 523 4110 Cn.
542 4042 689 4121 Pompeius
703 4042 823 4101 saslurur
837 4044 892 4100 ess:
913 4042 935 4099 li
949 4042 1009 4099 ludi
1023 4041 1081 4099 dies
1102 4044 1265 4119 quindecim
1278 4064 1326 4100 au·

306 4122 416 4195 serent:
437 4121 539 4189 deinde
552 4116 674 4193 Romani
687 4121 820 4192 continuo
830 4120 1052 4198 consequentum
1068 4122 1203 4208 lt²1>¹9p13
1214 4142 1254 4180 xa
1266 4123 1327 4259 ubie-
1422 4162 1428 4175 .

1243 4238 1248 4250 r
1300 4222 1330 4268 ss!
