2859 4850
174 226 258 296 txnn
626 303 629 308 ¹
671 201 1053 290 enornoontutt'a

343 357 423 424 tium.
443 357 599 417 Varronem
612 353 708 428 ipsum.
731 358 859 433 Qorum
873 354 1028 434 frequentia
1042 355 1106 413 edm
1120 353 1188 413 milti
1202 355 1232 415 in
1247 368 1382 416 mentem

350 439 438 502 venit,
459 447 575 513 apparet
596 435 674 492 illico
697 451 744 493 aut
757 435 867 492 obscura
889 433 1044 512 diligentia,
1064 434 1112 511 qui
1134 435 1236 495 infesto
1258 435 1384 514 negotio

351 515 477 594 eguerint
491 513 654 571 suecessote:
675 529 722 569 aut
735 531 777 568 res
790 512 846 588 ipsa
858 513 976 589 perdita,
998 533 1061 590 quae
1074 513 1114 570 vel
1129 512 1162 570 ab
1176 533 1230 572 uno
1252 515 1385 572 alterove

349 597 493 654 cantorum
506 593 623 650 virorum
643 591 916 667 nequiveritcunliei.
953 593 1046 668 Qare
1056 592 1088 647 eri
1099 611 1205 670 quoque
1216 591 1310 659 causti,
1332 593 1385 650 sed

349 673 516 753 po'tilsrmltm
531 671 574 736 eri,
593 671 717 746 inquam,
737 670 902 753 esseppotuin
921 685 952 725 ut
977 673 1009 726 ad
1030 671 1100 744 hane
1113 673 1385 751 contemplationem

352 751 468 811 tludium
481 751 596 807 nostrum
612 747 814 806 adhiberemus.
856 751 956 824 Neque
977 750 1052 806 enim
1066 749 1118 804 sola
1133 769 1173 805 res
1188 751 1307 824 petenda
1318 752 1386 826 jam

351 829 488 894 ellnobis,
509 827 553 887 sed
567 827 626 903 ipsi
647 828 823 885 contentione
846 826 881 883 de
890 827 1037 885 clariflimis
1051 829 1189 886 autoribus
1205 829 1321 886 victoria
1337 849 1389 886 rc·

352 908 499 988 portanda.
539 911 632 983 Atque
644 921 673 962 ut
685 925 778 964 eorum
788 904 893 995 judicia
903 907 953 962 nte
969 920 1077 982 quoque
1099 907 1127 963 in
1147 924 1224 982 parte
1243 909 1387 965 emende-

352 1007 427 1054 mus,
449 983 525 1050 simul
539 986 573 1042 ad
587 987 657 1042 hanc
667 1003 778 1060 operam
792 985 935 1041 incitemus
950 983 1060 1061 ingenia
1070 985 1257 1042 literatorum:
1279 997 1309 1044 ut
1324 1007 1388 1043 non

353 1066 496 1124 minimam
517 1063 715 1140 pronunciandi
739 1061 872 1119 rationem
894 1083 930 1120 err
942 1063 993 1120 haic
1006 1063 1233 1122 commentatione
1251 1065 1390 1142 consequi

352 1145 406 1204 sese
426 1144 497 1221 polle
524 1155 640 1218 putentt
661 1141 889 1218 quemadmodum
912 1144 974 1198 cium
998 1141 1178 1214 intellexerint
1199 1158 1286 1221 neque
1308 1145 1388 1222 aspi,-

354 1224 501 1290 rationem,
524 1239 609 1296 neque
631 1221 746 1287 sibilum,
767 1239 854 1296 neque
876 1231 978 1277 mutam
1001 1221 1072 1279 inter
1092 1222 1117 1278 se
1130 1222 1281 1298 conspirare
1295 1240 1387 1300 potu-

292 1340 295 1355 .
354 1303 413 1368 ilie,
436 1316 465 1358 ut
479 1298 567 1376 prima
582 1298 685 1374 syllaba
701 1298 733 1356 itt
753 1317 820 1355 voce
839 1298 901 1364 haic,
919 1301 1003 1374 isthic,
1022 1299 1223 1376 produceretur.
1264 1303 1331 1379 Qti
1354 1303 1388 1359 in

355 1398 423 1440 voce
444 1379 539 1435 eidem
560 1378 608 1454 qui
631 1392 728 1454 putant
746 1377 849 1434 hbllum
865 1378 971 1434 extrudi
999 1378 1026 1434 in
1047 1379 1261 1454 pronunciando,
1287 1401 1388 1456 neque

355 1479 460 1520 morem
474 1455 621 1520 servdrunt'.
643 1475 730 1534 neque
750 1456 946 1535 etymologiam
960 1453 1146 1516 observarunt.
1186 1459 1261 1516 Nam
1274 1460 1388 1528 AEoles,

354 1556 422 1616 quos
436 1534 529 1593 Latini
550 1533 668 1593 maxime
690 1535 749 1593 sont
771 1533 880 1599 imitati.
905 1535 978 1612 quod
999 1535 1046 1608 alii
1071 1539 1152 1596 ialal»
1173 1537 1308 1602 dicerent,
1330 1540 1387 1617 ipo

357 1619 424 1676 leli»
447 1613 680 1691 pronuntiabant:
702 1611 778 1672 'tra'in
799 1616 883 1672 verbo
899 1618 953 1690 istie
964 1611 1044 1671 satiris
1059 1616 1111 1671 snit
1132 1631 1235 1674 mutarn
1249 1617 1384 1693 abjicere.

357 1697 395 1754 Et
408 1693 461 1751 suit
481 1691 568 1751 ratio:
592 1712 653 1750 nam
668 1699 701 1760 r'r,
723 1691 873 1768 pronomen
894 1691 1029 1770 integrum
1055 1711 1161 1751 manet:
1183 1696 1268 1752 caudit
1285 1713 1385 1755 autem

287 1815 290 1834 .
355 1773 415 1840 illa,
435 1791 519 1849 quam
541 1787 641 1828 vocant
666 1771 823 1850 syllabicam
850 1769 1039 1844 adjeslionem
1068 1773 1141 1830 nullo
1163 1770 1302 1851 dispendio
1330 1797 1386 1838 ex-

358 1853 458 1930 punsl'a'
471 1851 553 1907 etiam
568 1849 665 1907 leniori
681 1849 809 1925 relinquit
822 1849 912 1908 locum
925 1849 1115 1924 eonjunslioni.
1137 1853 1271 1910 Praeterea
1285 1855 1387 1912 multis

279 1956 290 1981 ι
357 1933 386 1989 itt
400 1930 465 1987 locis
479 1927 688 1994 animadvertas,
711 1929 856 2005 postturam
876 1929 1077 1986 consonantium
1099 1949 1152 1988 non
1167 1931 1314 2007 producere
1329 1953 1386 1990 vo-

357 2011 443 2066 calem
457 2027 463 2064 :
486 2006 529 2064 sed
542 2005 634 2083 suapte
648 2009 744 2063 natural
757 2006 806 2063 niti
815 2007 963 2065 brevitate:
987 2024 1025 2074 ut,
1038 2012 1136 2081 imsed,
1150 2014 1194 2074 ad,
1209 2015 1281 2088 quod,
1296 2013 1385 2077 aliud,

350 2086 448 2165 fimus:
470 2084 610 2163 inquibus
631 2086 678 2161 qui
703 2086 830 2162 putrituot
847 2101 973 2158 oportere
996 2088 1157 2162 postremum
1179 2088 1242 2146 elidi
1260 2089 1387 2146 clemen:

360 2178 430 2231 tum,
451 2165 624 2222 uehementer
638 2162 773 2221 errarunt.
797 2163 851 2221 Sed
865 2163 946 2242 longe
959 2163 1065 2221 saciliiss
1077 2165 1104 2222 in
1115 2162 1251 2240 disjunctis
1267 2167 1387 2228 vocibus

359 2259 513 2321 correptam
530 2243 651 2301 vocalem
666 2243 785 2306 tetiufire.
805 2242 887 2322 quam
902 2244 928 2299 in
941 2243 1099 2318 conjuttslis.
1142 2247 1180 2302 At
1190 2245 1217 2303 in
1232 2247 1386 2321 eonjunslis

359 2323 399 2381 ita
413 2322 638 2399 pronunciabant,
659 2335 688 2378 ut
701 2323 818 2398 posttura
838 2321 903 2378 nihil
927 2323 1036 2379 afferret
1054 2342 1136 2380 morae
1159 2324 1297 2382 breuitati.
1338 2327 1385 2384 Sic

359 2404 476 2478 infidias,
498 2415 526 2459 et
545 2407 646 2480 isfiros,
667 2399 783 2479 primam
805 2399 955 2483 producere
976 2401 1118 2459 dixerunt:
1138 2407 1309 2463 indicationem
1333 2426 1388 2464 au-

361 2496 456 2539 temet
470 2488 605 2547 incautum.
633 2480 780 2556 corripere.
820 2482 914 2557 Quare
927 2480 945 2538 st
959 2482 1010 2538 hoc
1024 2481 1050 2538 in
1067 2501 1119 2539 uno
1133 2484 1218 2540 traslu
1238 2502 1269 2539 ac
1288 2499 1387 2545 tenore

361 2558 508 2624 faciebant,
532 2561 617 2617 multo
634 2558 804 2617 commodius
817 2557 974 2635 interposito
994 2580 1026 2617 eo
1044 2550 1195 2627 iner'vallo,
1215 2563 1287 2639 quod
1307 2562 1387 2641 sepa·

362 2639 427 2697 tatis
444 2638 554 2696 vocibus
579 2638 704 2704 debetur,
725 2640 830 2695 efficere
842 2638 970 2696 debuere.
1011 2638 1084 2695 Nam
1100 2638 1217 2705 sidicat,
1236 2643 1386 2717 insedibus,

361 2734 443 2794 atque
456 2718 493 2775 ibi
504 2718 657 2795 praeposttio
671 2716 760 2773 brevis
772 2716 812 2780 stt,
827 2716 923 2794 quaein
938 2722 969 2775 ea
981 2718 1173 2795 compohtiooe
1187 2720 1270 2797 longa
1283 2720 1388 2789 suisset,

361 2798 465 2873 quanto
487 2796 575 2871 aptilts
596 2794 686 2853 brevis
706 2794 767 2858 erit,
788 2794 806 2851 st
832 2796 915 2861 dieas,
935 2806 962 2849 m
986 2800 1070 2854 mem:
1097 2815 1159 2871 quae
1180 2798 1198 2854 st
1223 2818 1386 2885 compones,

362 2874 650 2952 brevisquoqueerit?
673 2874 1067 2933 Praetereaanimadvertemus.
1084 2874 1164 2951 quim
1176 2876 1387 2937 celeritermul·

362 2970 404 3011 tas
417 2954 525 3031 vocales
539 2947 742 3029 pronunciando
760 2953 958 3027 expediverint,
980 2970 1008 3011 ut
1021 2954 1104 3012 etiarn
1128 2974 1192 3011 cum
1211 2956 1386 3035 sequentibus

284 3060 291 3077 ·
361 3030 533 3089 obscurarint.
554 3029 599 3088 sic
611 3030 683 3088 enim
698 3029 726 3087 in
739 3030 802 3094 illis,
814 3034 968 3104 sonaſset.
982 3048 1042 3092 tuae.
1049 3021 1120 3109 fnit,
1135 3036 1194 3100 dies,
1210 3038 1275 3105 deos,
1285 3043 1384 3111 prius.-

363 3130 424 3186 quae
448 3109 599 3167 efficiebant
613 3109 814 3183 monosyllaba:
836 3110 871 3168 ita
892 3131 927 3168 ex
941 3111 1044 3169 duobus
1066 3112 1269 3186 comparativis,
1285 3121 1384 3189 potius,

363 3188 458 3253 melius,
477 3188 543 3245 duos
556 3187 750 3245 constituebant
764 3188 941 3263 pyrrhichios.
983 3192 1057 3247 Nam
1067 3191 1295 3268 quemadmodum
1304 3214 1387 3252 meu·

363 3265 483 3324 suremus
498 3265 601 3325 versum
614 3266 690 3324 illum
705 3286 739 3324 ex
754 3266 880 3325 Andrii?

445 3346 528 3403 Dabit
539 3366 623 3403 nanto:
643 3352 755 3403 inveniet
768 3351 859 3420 inopem
867 3343 961 3419 potiris,
982 3346 1055 3421 paci-rr
1069 3363 1093 3403 te
1104 3351 1309 3424 corrumpifirat.

403 3424 518 3483 Necesse
531 3426 603 3483 enim
618 3424 654 3481 est
668 3442 701 3481 ex
725 3424 825 3501 duabus
841 3426 950 3482 voczbus
965 3426 1015 3492 his,
1035 3424 1118 3500 potiris
1130 3428 1214 3499 quam,
1238 3448 1316 3485 unum
1331 3451 1384 3506 pe.

365 3502 428 3559 dem
442 3502 517 3560 lieri:
538 3502 608 3581 quod
624 3517 652 3561 ut
665 3502 776 3569 efficias,
795 3505 881 3560 multa
895 3504 977 3579 prids,
997 3521 1029 3559 ac
1042 3503 1159 3561 mirabili
1177 3520 1240 3582 eget
1261 3508 1385 3585 interpo-

365 3580 476 3645 latione.
516 3582 592 3659 Ergo
605 3582 689 3661 vulgo
702 3578 742 3638 ita
755 3588 864 3659 quoque
877 3583 978 3640 locutos
997 3595 1075 3657 puto,
1096 3602 1151 3639 non
1171 3583 1272 3644 laturos
1291 3586 1383 3646 scena-

338 3666 344 3684 '
365 3679 426 3717 tum
440 3658 602 3725 barbariem,
627 3664 687 3739 qt'tae
701 3660 735 3716 de
750 3659 839 3717 medio
850 3660 961 3718 sumeret
975 3658 1133 3718 sermonem.
1174 3664 1206 3719 ln
1224 3664 1275 3721 hac
1292 3682 1383 3725 tamen

366 3758 395 3797 re
409 3752 437 3793 et
449 3736 627 3814 disceptdtunt
642 3736 731 3804 multi,
753 3754 780 3795 et
800 3758 854 3795 non
876 3740 952 3815 pauci
963 3742 1103 3797 errarunt:
1125 3742 1189 3797 sicut
1211 3757 1239 3798 et
1257 3742 1309 3812 illi,
1334 3746 1383 3821 qui

366 3816 479 3875 reddere
491 3816 633 3875 voluerunt
646 3815 777 3873 rationem
792 3810 915 3875 versuutri
927 3840 934 3873 ε
955 3818 1016 3873 cium
1027 3819 1072 3876 alii
1085 3820 1166 3876 essent
1178 3822 1325 3890 curhffimi,
1336 3825 1384 3881 alii

365 3896 436 3957 adeo
447 3896 534 3975 longi,
554 3912 581 3963 ut
593 3894 660 3952 nihil
673 3894 756 3952 libeat
769 3914 830 3955 cum
845 3896 969 3955 Plautino
988 3897 1121 3971 trapezita
1139 3899 1239 3973 jocari,
1265 3902 1329 3959 dum
1351 3924 1381 3959 tt-

366 3994 431 4036 num
446 3974 530 4033 scribo
542 3972 661 4053 explevit
672 3972 740 4031 mihi
753 3988 823 4032 totas
836 3995 911 4033 ceras
935 3992 1068 4053 quatuor:
1089 3992 1205 4055 quantus
1222 3979 1272 4045 ille
1288 3982 1322 4038 esl
1347 4002 1381 4039 ert

366 4054 517 4113 Eunucho:
854 4069 858 4073 ’

443 4132 479 4197 Et
490 4131 621 4209 magnifica
637 4130 739 4189 verba:
761 4130 845 4194 verba
857 4134 989 4212 dunsten
1009 4132 1179 4211 verrimfiad
1188 4158 1238 4197 reta
1258 4143 1381 4219 conferm-

484 4224 536 4277 ster,
555 4209 702 4289 vapulabis.
1303 4282 1307 4290 .

1290 4296 1381 4373 Qan-
