2859 4850
621 157 623 163 ’
697 146 1057 249 raotooomenu
1168 241 1179 255 .,

367 311 480 387 Ιιιιιῐιι,
501 310 583 386 quim
606 308 714 390 scripta·
728 314 782 370 else
798 311 816 371 i
828 313 964 374 Terentio
978 315 1010 370 ιιι
1022 311 1197 376 verifimile..
1222 313 1273 374 Ne
1295 312 1399 392 longii

382 395 478 458 abeas,
498 391 535 448 est
549 393 577 447 in
593 390 707 448 Andria
721 391 798 448 steni
812 391 902 470 primi
914 392 1004 451 terius
1017 391 1088 477 bic,x

462 472 518 526 Sne
531 471 639 527 invidia*
650 465 747 526 laudem
757 477 886 536 inveniar,
900 487 924 527 er
936 477 1025 526 arrirrr
1035 485 1116 548 puers.

382 549 416 609 Iu
430 565 463 606 eo
477 547 534 606 suas
548 547 715 626 nescioquas
729 546 885 607 eollilioocs
897 548 1113 608 comminiscitur
1127 547 1306 609 Priscianus:
1332 544 1392 606 ubi

419 627 446 689 le
469 645 507 693 as,

448 645 519 762 gSerre
531 705 639 760 invidi
647 708 764 763 invenias
771 703 879 769 laudem
889 720 914 764 et
926 710 1016 764 arrierr
1024 716 1106 779 parer.

319 781 331 798 ‘
382 781 479 842 Verlui
494 781 628 848 consulas,
651 784 704 840 bne
726 781 783 841 ullo
802 797 850 840 aut
864 780 1016 850 sententiar,
1032 801 1080 842 aur
1091 780 1239 841 venustatis
1251 780 1399 840 detrimer

339 887 361 932 ,t
382 876 421 920 to.
462 861 597 938 Equidem
613 879 755 936 nunquam
768 859 980 919 exiliimavisui
991 863 1085 938 po'e‘trr
1098 860 1226 920 libertate
1241 877 1303 918 tam
1320 859 1367 916 uti
1385 862 1398 916 l

383 939 491 1006 beuter,
512 943 597 1018 quim
612 939 767 998 necessario.
808 940 878 1014 Qae
891 939 956 996 crim
979 958 1007 998 et
1027 939 1089 1016 ipsi
1110 939 1166 1006 die,
1186 954 1214 998 ct
1236 951 1399 1016 magnorum

353 1053 356 1062 ι
382 1017 506 1076 virorum
521 1015 683 1082 testimoniis
697 1016 861 1094 confirmata
874 1015 945 1077 finti
967 1036 1023 1075 non
1036 1017 1136 1076 dubito
1149 1017 1217 1096 quin
1230 1025 1299 1082 uo's,
1312 1017 1371 1092 qui
1389 1016 1399 1072 i

377 1093 418 1155 'de
434 1101 512 1154 rebus
534 1089 612 1153 alite'r
635 1091 775 1158 sen-imus,
795 1094 993 1172 antiquitatem
1019 1097 1085 1162 terti,
1115 1114 1207 1172 neque
1228 1109 1328 1153 tamen
1358 1115 1399 1150 no

384 1175 502 1241 temeri,
523 1171 721 1248 reprehendere
741 1172 893 1233 videamur.
930 1173 1001 1232 Hac
1021 1193 1070 1232 nos
1087 1173 1223 1254 profeciti,
1249 1173 1399 1232 Guillelm

382 1251 483 1319 Belloi,
504 1271 565 1328 qua
579 1251 607 1306 in
622 1269 719 1308 omnes
733 1264 822 1327 partes
842 1249 959 1328 periculi
978 1252 1039 1310 sunt
1061 1250 1223 1327 pleniliima,
1243 1252 1280 1309 de
1305 1263 1399 1312 terret

378 1331 549 1402 debuerunt,
570 1327 589 1386 fi
611 1343 709 1402 praeter
724 1328 824 1386 bonam
838 1329 1012 1405 voluptatem
1028 1329 1100 1388 nibil
1113 1329 1156 1388 ad'
1166 1345 1274 1390 tantam
1290 1350 1353 1388 rem
1370 1336 1399 1386 aa*

383 1407 455 1467 ferre
477 1405 660 1485 potuissemus.
702 1407 742 1465 At
754 1407 816 1468 cim
830 1423 860 1465 et
876 1407 989 1467 infinita
1002 1407 1088 1485 propi
1101 1409 1185 1485 primi
1201 1429 1252 1467 nos
1263 1427 1329 1486 qua
1344 1425 1399 1484 ege

383 1502 448 1546 rent
460 1485 639 1563 castigatione
652 1483 927 1560 deprehenderimus,
938 1502 967 1545 et
980 1487 1016 1544 ab
1029 1488 1091 1545 eliis
1104 1486 1306 1552 animadversa,
1319 1505 1399 1561 nequ

384 1563 433 1622 diu
449 1565 550 1630 minius,
573 1582 660 1640 neque
674 1565 765 1622 minor
789 1564 898 1622 fortalie
919 1561 1069 1642 diligenter
1090 1563 1335 1631 conlideravirnus,
1359 1582 1399 1620 nc

377 1641 521 1732 'lirumquc
534 1641 587 1699 elle
600 1640 711 1718 aliquod
726 1641 847 1720 potuerit
861 1642 897 1700 iis
909 1641 945 1702 de
963 1642 1044 1700 rebus
1054 1642 1203 1718 judicium,
1222 1643 1264 1702 rei
1278 1635 1399 1702 interest

384 1721 516 1782 literaria
529 1717 636 1797 putavi,
660 1721 688 1777 id
701 1725 830 1780 omuibus
855 1739 905 1798 per
917 1739 963 1779 mc
975 1720 1035 1780 ficri
1049 1718 1133 1800 quim
1147 1722 1326 1781 notifflmum.
1357 1723 1399 1798 Ju

337 1869 342 1878 .
384 1797 454 1857 dicii
474 1813 567 1856 autem
593 1797 673 1854 nollri
688 1819 712 1854 c·
722 1799 781 1856 usas
794 1797 970 1858 critlortat'se
982 1802 1043 1858 cim
1058 1799 1270 1874 explicabimus,
1291 1799 1399 1876 quasit

407 1876 633 1935 resentiiomner
647 1875 785 1954 persequi,
806 1891 837 1934 ut
850 1874 934 1954 quim
954 1876 1057 1936 infiniti
1076 1879 1142 1935 ellet
1161 1879 1263 1937 laboris
1286 1892 1399 1937 taceam

383 1899 504 2014 bominis
518 1955 592 2012 certi
606 1951 670 2012 esser
684 1954 775 2013 minis
796 1955 946 2033 occupati,
968 1955 1104 2016 testificari
1126 1955 1233 2014 tantitm
1256 1957 1309 2014 hoc
1333 1969 1399 2014 tem

377 2030 463 2112 pore,
485 2031 644 2108 liquidique
654 2031 747 2105 jurare
760 2033 906 2108 pollumus,
927 2033 1000 2101 nibil
1015 2053 1075 2100 nos,
1096 2033 1144 2092 nist
1159 2035 1317 2102 necessario,
1335 2035 1399 2093 nihi

377 2110 434 2170 misr
450 2111 553 2178 versis,
568 2109 933 2189 elegantiae.'lenteutiaeque
946 2112 1071 2172 conuitio
1092 2111 1265 2172 immutilier
1296 2114 1394 2170 rellitu

384 2189 431 2262 isse
444 2187 578 2266 quaedam,
602 2201 631 2246 ut
645 2189 680 2246 ab
700 2187 737 2248 iis
754 2187 912 2248 authoribus
933 2189 968 2250 dc
990 2189 1090 2269 quibus
1106 2206 1189 2248 antea
1210 2192 1397 2269 loquebamur

383 2267 471 2325 citata
491 2267 710 2339 reperiebamus:
735 2267 877 2326 codicibus
899 2267 941 2326 itr
961 2268 1022 2327 usos
1043 2268 1122 2328 suiffe
1134 2269 1271 2347 plurimis,
1292 2285 1323 2328 ut
1344 2271 1399 2344 plit

383 2347 488 2420 semper
512 2344 585 2419 apud
608 2363 656 2402 uos
679 2345 795 2403 valuerit
814 2344 917 2420 judicii
929 2349 1014 2416 ratio,
1033 2346 1115 2424 quim
1129 2347 1237 2407 librarii
1250 2367 1347 2406 manus
1363 2349 1399 2406 in·

384 2424 476 2491 dona,
497 2440 578 2499 atque
593 2437 749 2483 temeraria.
790 2429 884 2506 Atque
903 2442 933 2485 ut
946 2427 1039 2483 animo
1054 2427 1213 2503 presumere
1226 2428 1315 2505 polis,
1336 2430 1399 2503 quit

384 2504 420 2561 de
443 2516 502 2561 toto
525 2500 578 2561 hoc
599 2500 694 2560 labore
718 2502 807 2561 nostro
819 2502 918 2561 debeat
935 2501 1074 2578 judicare,
1087 2504 1202 2563 referam
1217 2507 1322 2583 paucis,
1343 2526 1399 2581 qun

379 2580 419 2642 in.
430 2579 544 2669 ¹Andriae
556 2580 682 2658 prologo,
696 2582 800 2660 quaein
813 2581 893 2643 serni
909 2582 1000 2660 primi
1018 2581 1145 2662 corrupti
1158 2582 1217 2664 legi
1229 2582 1399 2647 animadver

384 2674 478 2720 terrm.

693 2734 754 2795 Ubi
766 2736 799 2796 in
812 2738 929 2816 prologo
941 2735 1097 2817 legebatur,

377 2816 380 2823 ¹
463 2816 497 2873 id
508 2816 550 2890 isti
561 2819 710 2892 vituperant
715 2822 832 2889 sadum,
846 2838 920 2894 arque
932 2824 960 2873 in
971 2837 997 2886 ep
1008 2820 1146 2893 disputaret.

422 2892 488 2953 Non
504 2892 746 2952 constareuerlum
762 2897 871 2952 notirat
892 2896 1029 2961 Erasmus,
1050 2896 1097 2953 nii
1122 2896 1153 2953 in
1176 2895 1339 2973 pronomine
1359 2900 1399 2972 isti

384 2968 466 3030 litera
487 2970 604 3029 secunda
626 2968 785 3037 elideretur,
804 2989 888 3050 atque
907 2970 949 3029 ita
960 2973 1037 3031 lieret
1049 2976 1200 3052 anapestus.
1239 2976 1399 3051 Hujuimtrlr'

384 3068 433 3109 nos
447 3049 572 3108 elisiones
587 3062 642 3107 tam
657 3050 748 3112 duras,
770 3066 800 3107 ut
813 3050 904 3108 dicam
918 3049 1059 3117 leriffimi,
1074 3073 1129 3111 non
1148 3053 1317 3133 agnoscimus
1330 3054 1361 3111 in
1371 3074 1399 3111 rc

382 3128 498 3185 minime
521 3125 676 3184 nertstert.
718 3128 854 3205 Scriplisle
877 3129 1043 3186 Terentium
1072 3130 1121 3208 Isti
1148 3137 1178 3188 r'd
1195 3140 1349 3203 uituperare,
1371 3151 1399 3190 tr

383 3206 473 3261 verius
488 3204 602 3273 elamat,
617 3222 644 3262 et
658 3205 765 3265 codices
779 3207 906 3265 nonnulli
920 3200 1060 3266 testantur.
1099 3207 1172 3267 Tale
1185 3207 1254 3268 istud
1267 3209 1312 3271 eli
1325 3210 1399 3288 quod

382 3282 457 3341 idem
473 3281 500 3339 in
517 3282 646 3341 Eunuchi
661 3285 747 3342 Actes
759 3285 814 3342 111.
829 3286 907 3344 sceui
919 3286 959 3345 11.
970 3284 1047 3347 verso
1061 3285 1125 3355 illo,

358 3386 360 3392 ⁴
460 3362 534 3438 Qid
545 3362 719 3433 habetsalenr,

463 3440 576 3515 Qrdin
589 3442 666 3513 erest.
708 3441 870 3500 Extremam
884 3440 989 3501 scilicet
1000 3442 1030 3503 io
1040 3444 1112 3519 'quud
1120 3438 1188 3500 elidi
1211 3438 1328 3513 literam,
1349 3442 1399 3503 ubi

383 3518 437 3595 Qr'
450 3518 505 3585 lepr
520 3516 665 3575 deberetur
679 3520 768 3577 versus
781 3535 809 3576 et
824 3522 882 3597 ipsa
895 3520 1036 3581 Latinitas
1046 3520 1202 3581 ostendunt.

339 3649 341 3655 y
463 3592 534 3661 Ub:,
556 3594 591 3655 Ur
601 3596 748 3667 praeliaris
760 3617 784 3655 er
792 3598 912 3675 qnidsprr
927 3602 1058 3676 reliqum.

422 3672 484 3733 Nos
500 3674 630 3747 lcriptum
646 3672 723 3732 fuisse
734 3674 865 3743 dicimus,
886 3675 923 3734 Ur
936 3697 959 3734 er
972 3688 997 3735 r'r
1012 3676 1150 3753 perurserit.
1165 3674 1326 3754 qnidspeifir
1338 3675 1399 3735 reli·

382 3772 476 3829 qnam
502 3746 583 3825 rique
597 3750 679 3808 aliter
690 3750 817 3829 scriplilt'c
830 3754 995 3814 Terentium
1008 3753 1165 3832 perrunderi
1177 3774 1231 3812 non
1246 3760 1332 3831 potest.
1361 3758 1396 3815 ld

370 3834 371 3841 ’
383 3829 469 3905 porro
481 3830 510 3889 lo
521 3849 556 3885 us
571 3827 654 3886 habet
667 3829 821 3895 sententia,
837 3831 961 3907 fabulam
982 3850 1029 3891 ros
1042 3834 1213 3910 cognoscite,
1234 3850 1263 3887 ut
1278 3852 1303 3896 er
1316 3839 1395 3912 poerit

382 3905 534 3983 perspicere
548 3908 636 3985 poffit,
657 3907 729 3983 quid
751 3907 801 3967 libi
822 3906 840 3965 i
858 3910 938 3968 vobis
953 3909 1010 3988 spei
1025 3910 1198 3988 relinquatur
1211 3913 1391 3971 de·toortediis

382 4002 450 4063 quas
465 4005 492 4039 ιιι
510 3985 642 4058 posterum
656 3986 776 4045 teribet:
798 4004 834 4043 au
847 3986 953 4046 scilicet
965 3989 1147 4065 explodenda
1161 3990 1239 4046 robis
1250 3990 1320 4065 pviirr
1332 3992 1393 4061 lint,

374 4062 379 4069 '
405 4060 464 4117 uim
480 4064 497 4135 lp
507 4064 602 4119 ειὶιιιά
617 4078 736 4141 ,atque
749 4066 957 4141 oognolcendae.
998 4068 1099 4124 Praeter
1107 4084 1189 4143 quem
1203 4080 1281 4126 unum
1295 4070 1390 4136 locum,

381 4082 402 4199 b
417 4137 499 4197 elium
517 4142 623 4197 nullum
640 4160 665 4197 ιιι
681 4162 768 4221 <pere
779 4158 838 4199 toto
851 4143 1079 4211 emendifscmus,
1090 4144 1257 4204 fatisladlum
1270 4162 1296 4205 et
1309 4148 1393 4205 officio

374 4217 480 4289 ‘ulli‘r‘m
493 4232 522 4277 et
533 4218 677 4281 bominum
690 4220 875 4317 expeditioni
887 4217 947 4284 'erit
958 4220 1079 4281 abunde.

1345 4300 1390 4365 vt
