2859 4850
105 201 159 268 la‘ti
592 183 949 258 PROLEGOMENA

272 331 392 470 pellenarii
398 327 543 468 εΜΕΝψᾸ
546 345 608 464 ptrol
612 325 675 462 611}
671 322 758 461 0:de
761 319 890 457 plidelplu
908 319 975 380 Aet.
997 321 1020 380 l.
1031 317 1105 379 seeo.
1132 319 1173 379 Is.
1191 319 1300 392 versum

278 427 419 470 utimum.
487 427 505 466 x
575 447 583 464 .
641 443 649 460 .
725 444 733 461 .
788 439 796 456 .

319 489 408 546 Verum
434 487 517 546 hercl?
539 485 581 544 bre
602 480 709 542 verdun
727 483 772 556 est,
784 479 841 554 stru
852 477 942 535 Cerere
961 493 986 536 er
997 476 1086 537 urbem
1101 481 1189 557 friget
1208 479 1300 550 Vertar,

279 568 396 630 Versum
412 565 485 629 hunc
498 562 627 640 seriptum
636 560 723 619 etiam
737 559 790 636 hoe
803 554 886 614 modo
897 555 1025 633 reperio:
1137 561 1143 570 '

227 647 231 666 '
321 645 409 703 Verum
423 643 502 702 hercl?
521 638 627 700 verbam
651 639 693 696 bor
704 643 749 712 est,
760 637 818 714 fine
830 635 920 692 cerm
937 651 962 692 et
984 635 1084 694 Baccho
1088 639 1174 714 friget
1193 634 1303 710 Venta}

282 725 379 802 Atque
390 725 429 780 ita
443 723 588 799 srlrgatur,
598 717 734 775 iambicus
742 714 795 772 erit
803 714 894 769 oslorr.
906 714 1048 772 acatateft.
1058 717 1150 790 quales
1161 727 1189 770 et
1197 713 1302 790 superi-

282 819 341 860 ores
355 816 383 858 et
397 801 538 858 inferiores
549 815 659 859 ‚omnen
699 794 757 853 Nisr
773 791 841 850 velia
855 789 942 849 Libro
963 792 1016 848 esse
1035 791 1186 867 daslylum.
1225 789 1305 849 Vide

282 899 345 956 qure
367 879 396 940 irr
420 879 576 942 uersiculum
591 875 668 932 illum
684 872 873 949 Adelphorum
887 870 948 928 An.
964 868 1002 927 ll.
1017 869 1087 928 seen.
1102 871 1124 925 l.
1144 868 1208 928 etta
1222 869 1305 926 nobis

193 981 201 992 ·
282 957 455 1018 adnotatum.
498 958 532 1013 Et
547 954 618 1010 scen.
636 951 685 1008 Vl.
698 950 750 1008 Aba·
763 947 818 1022 rm]
843 948 898 1017 Aba]
910 950 1055 1024 posteriore
1067 948 1203 1024 correpta.
1252 964 1256 973 ·

324 1039 359 1095 Et
373 1037 445 1093 scen.
463 1035 527 1090 t'll,
556 1033 688 1106 Domiqae,
694 1033 809 1104 fersque,
820 1031 873 1101 fac
884 1027 992 1101 νίψω
1004 1041 1033 1083 ue
1044 1027 1206 1103 memineris]
1227 1026 1307 1084 Hine

283 1115 398 1192 colligas
413 1133 465 1171 non
482 1111 557 1168 suisl'e
571 1109 605 1166 ad
621 1107 788 1184 vespernam,
803 1119 832 1158 ut
846 1119 911 1161 ante
921 1105 1078 1162 dicebamus
1091 1107 1155 1162 Adi.
1168 1107 1222 1163 Ill.
1232 1107 1304 1161 seen.

284 1191 324 1250 ll.
339 1193 484 1248 invitatam
497 1187 649 1254 Thaidem,
670 1187 732 1242 cum
744 1184 840 1242 eodem
853 1182 901 1240 die
912 1182 1005 1260 Sanga
1015 1201 1117 1258 coquus
1128 1182 1307 1241 dGnarhoue

284 1269 323 1329 sui
334 1269 418 1327 officii
433 1263 638 1325 commonestar.
659 1265 807 1326 Preterea,
821 1262 894 1338 quod
909 1261 998 1318 multd
1010 1262 1160 1320 maximum
1172 1264 1209 1320 est
1223 1279 1307 1338 argu·

287 1365 423 1412 mentum,
434 1361 474 1404 tot
490 1365 528 1402 res
542 1344 601 1420 post
615 1361 723 1400 coerram
737 1341 798 1420 geri
812 1339 909 1398 eodem
923 1339 969 1398 die
980 1360 1035 1398 uon
1046 1355 1206 1416 potueruut,
1219 1340 1237 1396 fi
1251 1356 1307 1398 crta·

286 1445 354 1485 narn
365 1445 415 1500 pro
429 1423 558 1498 vesperntl
573 1419 716 1478 sumimus.
1115 1409 1123 1433 ‘

329 1506 371 1561 Ex
387 1505 448 1562 Ad.
467 1504 501 1562 V.
520 1503 591 1558 scen.
610 1500 648 1557 V.
674 1499 751 1571 Quod
766 1498 865 1555 machir
875 1493 969 1570 file]
992 1493 1170 1555 Athenienses
1194 1495 1308 1554 moechio

288 1581 420 1660 pudenda
433 1598 461 1640 et
475 1584 546 1638 sedes
564 1577 724 1657 expilabant
737 1597 746 1634 z
766 1576 841 1654 quod
853 1572 980 1654 supplicii
991 1591 1080 1652 genua
1092 1577 1242 1654 nefastae&
1262 1573 1309 1632 di·

287 1661 409 1722 rebatur.

314 1839 387 1912 EX
414 1829 830 1913 INSCRlPTlONh
859 1831 1309 1904 HEAUTONTIM.·

520 1979 652 2054 sasiriprr'o
666 1979 728 2034 nihi
741 1978 794 2035 ιιι
807 1979 839 2038 sc
850 1981 954 2037 vantur
962 1979 1082 2054 legendas

330 2103 441 2162 PUBL.
455 2101 585 2158 Terentii
607 2101 668 2159 Asri
684 2101 1024 2173 Heautontimorumenos.
1065 2101 1165 2158 Graeca
1190 2102 1228 2160 ell
1247 2102 1313 2160 Me-

293 2184 428 2244 nandznu.
473 2183 541 2240 Atta
567 2180 639 2238 ludis
668 2180 872 2256 Megalensibus
901 2182 934 2238 L.
962 2177 1251 2247 Cornelio'Leotulo,
1273 2183 1313 2240 L.

218 2259 221 2272 '
294 2261 407 2320 Valerio
422 2261 518 2316 Flacco
533 2255 675 2316 AEdttrhus
699 2257 867 2315 Curulibus:
889 2259 956 2336 Egit
976 2259 1011 2316 L.
1027 2257 1176 2316 Ambiviua
1190 2259 1312 2336 Turpio.

294 2339 397 2398 Modot
408 2337 473 2396 secie
484 2335 586 2394 Claud.
602 2337 726 2404 Flaccus,
740 2336 841 2404 Claud.
856 2337 942 2405 filius,
956 2336 1032 2394 tibiis
1043 2336 1166 2412 paribus.
1189 2339 1316 2396 attede-

294 2417 358 2477 inde
371 2415 476 2475 duabus
498 2415 609 2475 dextris.
653 2415 722 2473 Atta
744 2413 829 2473 etiam
852 2415 946 2475 tertid.
986 2415 1070 2473 Edita
1090 2416 1129 2473 T.
1150 2409 1316 2497 Sempronio

295 2496 436 2562 Graccho,
457 2496 502 2559 M.
516 2495 644 2573 jarento
657 2490 749 2555 Helui
762 2494 836 2552 Coss.

707 2574 749 2631 Ex
764 2573 897 2649 prologo:
1073 2635 1080 2646 ,

372 2654 408 2711 Id
415 2660 523 2729 primane
536 2654 628 2717 diram,
648 2654 735 2709 deinde
746 2657 812 2727 qaod
821 2657 884 2709 veni
894 2648 1011 2729 eloquar..

335 2732 440 2789 Locum
454 2732 537 2796 hunc,
559 2728 656 2806 quoin
671 2730 723 2788 hoc
736 2730 850 2787 authore
870 2728 1007 2788 obscurior
1021 2728 1124 2799 nullut,
1145 2743 1241 2789 notare
1254 2750 1315 2789 nra-

296 2808 350 2875 lui,
371 2828 451 2884 quam
464 2806 630 2865 emendare:
652 2807 723 2866 utin
738 2826 768 2865 re
778 2822 833 2864 tant
844 2805 961 2874 difficili,
981 2824 1064 2885 atque
1079 2806 1218 2885 perplexi,
1239 2810 1316 2869 suum

297 2884 543 2963 curquejudsscium
561 2884 769 2961 relinqueretur.
813 2884 938 2942 Primdm
952 2905 1006 2945 uno
1018 2905 1053 2945 eo
1069 2886 1179 2953 ordine,
1198 2906 1255 2963 quo
1273 2908 1317 2951 tea

295 2964 436 3044 proposita
450 2966 496 3030 etl,
519 2979 663 3023 narratur:
689 2963 868 3043 nequeenim
882 2964 938 3022 haec
952 2964 1187 3045 quaesoquuntur,

372 3044 405 3101 Er
420 3044 520 3117 integri
533 3044 628 3098 Gracci
639 3048 763 3119 integram
772 3046 915 3100 eomdiau

376 3122 453 3177 Hrdr'c
459 3136 515 3196 sam
525 3124 626 3176 namn
640 3123 946 3198 Heautontiaromgrenoe:
1001 3116 1007 3132 ⁸

223 3202 228 3213 ’
337 3199 505 3275 Duplexque
518 3219 548 3253 ex
560 3202 784 3275 argumentosa&
795 3196 952 3275 eststatpla‘tr',
967 3198 1047 3267 Haec,
1057 3197 1183 3275 iuquam,
1200 3220 1254 3259 non
1265 3198 1317 3261 de-

297 3278 455 3339 monstrant,
470 3294 518 3333 eur
532 3294 621 3349 parter
632 3274 686 3332 seni
701 3279 782 3351 po'e'ra
792 3275 910 3344 dederit,
921 3295 1070 3353 quaerant
1081 3276 1296 3339 adolescentium
1307 3304 1317 3340 a

298 3356 369 3433 quod
384 3372 473 3411 tamen
489 3354 625 3411 dislurutn
635 3352 660 3411 se
671 3352 790 3429 primitur
802 3352 960 3430 pollicetur.
979 3357 1041 3433 Jam
1055 3354 1101 3413 ubi
1112 3358 1170 3433 poll
1182 3360 1265 3433 pauld
1275 3360 1320 3415 di·

298 3436 349 3499 eit,
363 3448 497 3489 oratorem
511 3432 607 3498 essese,
617 3452 669 3489 uon
682 3431 841 3511 prologum,
855 3452 908 3490 non
918 3432 1000 3491 docet
1012 3454 1062 3492 eur
1069 3434 1191 3492 venerit:
1208 3453 1322 3497 venerat

299 3512 374 3569 euim
391 3509 483 3569 hidrio
495 3529 547 3567 non
560 3528 588 3567 ut
600 3511 743 3587 prologum
759 3512 899 3577 recitaret,
919 3511 964 3569 sed
975 3529 1005 3571 ut
1017 3528 1114 3589 ageret
1127 3511 1248 3573 sabulam
1261 3536 1268 3571 ε
1291 3516 1320 3573 id

300 3604 390 3647 tamen
406 3590 495 3645 suerat
509 3588 581 3663 qnnd
594 3590 711 3646 seeundo
723 3588 852 3648 locoerat
862 3584 990 3646 ditemus.
1018 3590 1131 3647 Deinde
1142 3590 1204 3667 quit
1214 3592 1264 3649 ille
1279 3595 1323 3651 se·

300 3684 367 3735 nex,
378 3668 424 3724 cui
434 3666 643 3724 adolescentium
653 3684 732 3723 erant
742 3667 813 3727 datae
824 3672 935 3742 partes?
950 3670 1019 3743 Quae
1028 3668 1083 3725 illae
1091 3668 1154 3745 ipsae
1162 3668 1321 3731 adolescen-

299 3749 370 3805 tium
382 3758 471 3821 partes
483 3750 493 3801 ἓ
517 3746 589 3821 ligo,
602 3760 629 3799 ut
638 3743 711 3819 quod
722 3746 808 3803 sentio
816 3746 911 3821 paucis
920 3744 1024 3809 dicam,
1036 3746 1182 3804 verborum
1192 3749 1321 3809 ordinem

298 3822 489 3903 perturbatum
512 3836 604 3880 tautae
618 3823 679 3879 loeo
692 3822 819 3898 tenebrat
833 3840 900 3900 puto
913 3824 1050 3883 attulisse:
1071 3826 1144 3900 qnod
1158 3826 1177 3883 fi
1190 3827 1230 3883 ira
1240 3830 1321 3905 lega.

298 3922 371 3966 mus,
388 3901 422 3957 tr
429 3906 615 3965 arndedrtam,
626 3900 733 3974 parata
743 3905 878 3979 quodam
885 3903 996 3979 eloquar,
1005 3904 1322 3971 eruntomniaelariota.

299 3980 377 4044 Nam
390 3981 453 4037 citur
470 3978 578 4057 prologi
593 3976 629 4036 ab
643 3978 863 4038 adoteseemibua
876 3980 990 4039 solerent
1013 3980 1134 4047 recitari,
1153 3984 1273 4059 essetque
1286 3988 1321 4047 L.

298 4060 448 4120 ambivius
460 4060 549 4125 tenere,
563 4058 611 4133 qui
623 4057 767 4135 prologum
779 4059 907 4118 recitaret
920 4078 928 4116 ε
948 4078 996 4117 cur
1009 4058 1220 4119 adolescentium
1230 4076 1323 4137 partes

299 4138 356 4197 seni
375 4136 459 4197 esseut
472 4136 656 4207 demandatae,
678 4137 775 4195 mirari
790 4140 908 4217 populor
916 4139 980 4214 jure
998 4137 1145 4216 potuisset:
1163 4139 1242 4215 eujus
1256 4140 1323 4279 spesi

535 4258 539 4266 -
1005 4228 1009 4237 “
1209 4236 1324 4279 cauato
