2859 4850
314 203 735 340 ¹‘r'artairrrriai

19 303 22 410 i
75 373 230 448 quuam.
251 362 299 422 hic
327 381 442 442 quoque
468 361 503 420 ab
527 361 579 421 illis
602 361 735 431 dissentio,
755 362 855 441 sitique
876 363 944 445 duos
958 363 1055 425 versos.

19 453 21 498 Ξ
53 452 97 508 rt'r:
118 451 229 524 priorem
259 441 435 501 trochaicum
449 442 595 512 dimetrum
609 441 909 518 brachycaratanicno,
933 444 1050 502 alterum
1124 505 1133 524 ,

19 503 20 550 i
52 525 194 586 cinnanum.
233 521 361 581 Natufic
374 519 579 598 pronunciavit,
601 519 838 584 uccitmdixilset.

74 601 234 676 Ernagrt'fica
254 597 364 657 verba:
386 596 514 665 substitit,
535 595 676 672 affiniaque
690 597 729 654 ibi
751 599 916 674 propositum
934 600 965 656 in
983 619 1048 656 ver·

51 685 88 742 is:
104 679 185 760 polica
205 677 288 736 fimul
310 695 375 737 cnm
395 695 423 732 rc
444 677 559 733 muta-tit
578 675 750 744 sortientium,
773 693 800 733 ut
816 696 866 751 pro
879 679 956 736 fastis
977 677 1049 735 farta

50 763 152 824 redieret,
176 774 202 814 et
230 755 346 813 verbera
372 753 550 812 minitaretur.
593 753 742 811 Priscianus
763 754 940 816 ditltnciionis
965 759 1050 812 causa

50 839 153 898 'rariores
166 835 289 892 incertos
305 831 393 890 versus
414 827 490 889 dicit.
531 831 635 888 Veritm
652 851 739 904 neque
763 831 809 888 itte
832 832 967 908 dillinslio
991 834 1051 890 lsaec

49 919 91 983 otii
106 912 172 978 eil‘et,
193 911 351 968 declaravit
364 931 386 966 :-
399 929 488 984 neque
510 930 572 976 nos,
593 909 658 986 quid
683 909 734 966 si'oi
758 910 835 976 velit,
856 912 919 968 sauir
938 913 1048 970 scimus.

49 997 166 1070 Namque
185 989 328 1066 dillinsiio
348 985 410 1048 else.
424 985 517 1051 debet,
541 1008 595 1046 non
620 987 702 1044 solitrn
720 987 868 1046 eidemin
893 990 982 1054 scetii,
1005 990 1052 1049 sed
1125 1055 1129 1066 ,

51 1075 109 1130 etiam
128 1065 264 1146 personit?
288 1086 386 1144 quave
409 1065 435 1122 in
450 1065 539 1142 primi
562 1067 638 1122 scehti
656 1065 814 1140 gratissimae
827 1069 1053 1140 comoedimAm.

50 1147 187 1227 flitruonisi
210 1143 278 1218 lpso
292 1145 365 1202 enim
381 1143 500 1220 ingressu
515 1143 597 1200 slatini
621 1145 752 1217 aulonam
773 1143 824 1202 fibi
844 1147 954 1204 cooliat.
995 1152 1055 1204 Aut

52 1228 133 1296 iidem
141 1223 166 1282 in
178 1224 211 1281 ea
220 1222 314 1290 scetii,
325 1221 416 1298 inqui
427 1221 586 1298 Pamphilus
597 1222 631 1276 de
644 1223 727 1296 patris
739 1222 841 1280 duritii
851 1223 994 1298 queritari
1007 1228 1055 1301 qui

51 1289 69 1364 ii
79 1305 160 1362 codem
173 1317 345 1393 argumento
357 1297 549 1390 proposuique
563 1297 692 1378 perstaret
704 1302 918 1376 conquestionis,¹
933 1320 961 1362 ct
972 1321 1056 1364 tetra·
1069 1335 1075 1346 ·

52 1384 121 1442 ursit
131 1382 198 1438 illud
212 1377 332 1438 inscruit
342 1381 509 1436 dimetrum:
941 1391 945 1400 '

107 1459 258 1536 Qidfifir,
277 1461 486 1534 pereofaaditas.

76 1541 133 1602 ihi,
153 1557 180 1595 ut
193 1536 244 1594 sibi
261 1535 439 1600 videbantur,
466 1534 608 1601 acutiores,
628 1531 737 1592 ierebus
751 1535 812 1607 ipsis
832 1535 907 1602 duci,
929 1559 986 1598 non
1008 1541 1052 1598 so.

50 1618 89 1676 lin
102 1613 195 1694 pedum
220 1613 333 1680 statum,
354 1629 402 1672 aut
415 1611 532 1682 cursum,
555 1613 598 1670 scd
612 1615 695 1672 ctiam
709 1613 831 1672 versuum
847 1619 944 1676 traslus
958 1621 1052 1694 prodi-

19 1745 20 1750 ,
51 1695 110 1753 tii!
130 1694 154 1752 io
172 1713 201 1751 re
216 1691 381 1768 perturbati
404 1691 516 1770 motai
530 1691 631 1758 versus,
653 1687 788 1766 pedesque
808 1691 878 1768 ipsos
903 1697 1056 1755 confundi:

54 1775 72 1830 iri
86 1771 215 1831 celeritate
229 1771 387 1827 trochaicos
402 1767 490 1826 trudi:
510 1769 638 1846 gravibus
653 1767 775 1846 perticis
793 1770 912 1828 statarios
924 1774 1058 1834 sermones

53 1849 140 1909 confieri
153 1870 186 1909 eii
200 1845 350 1924 spondaeis.
390 1847 518 1906 Affcrunt
530 1849 581 1904 buc
596 1867 651 1906 noti
666 1861 721 1902 tam
737 1867 786 1922 pro
811 1849 886 1916 teste,
902 1851 985 1928 quaint
1008 1873 1059 1929 pto

50 1929 117 2003 jadioe
128 1922 318 2006 Virgilian'am
333 1921 517 2001 prudentiam,
532 1923 654 1984 divinam
664 1924 743 1994 illam
757 1923 820 1992 saus
830 1929 920 1999 mibi:
942 1931 1058 2008 quirem
1138 1987 1145 1995 ,

52 2009 173 2066 triburam
184 2004 275 2064 nitore
290 2024 324 2060 ac
336 2022 506 2062 numerorum
520 2001 705 2074 concinnitate
718 2004 805 2060 oculis
824 2004 956 2078 subjiciat.
993 2009 1059 2086 Ego

53 2087 100 2141 rerb
117 2100 142 2144 ut
164 2089 263 2144 horum
280 2081 454 2158 diligentiam
470 2097 608 2140 veneratus
628 2083 699 2147 sum,
726 2100 809 2155 quam
832 2085 960 2161 equidem
983 2089 1060 2151 tanto

56 2163 119 2221 iulio
130 2165 156 2220 in
167 2163 234 2220 meis
251 2159 390 2236 poematis
404 2159 554 2235 exprimere
568 2175 678 2216 conatus
690 2159 789 2216 fuerim
803 2181 811 2218 ε
833 2162 869 2219 ita
878 2162 907 2220 in
917 2164 1061 2229 comoediis

55 2241 125 2300 salsam
139 2241 217 2298 simul
231 2257 319 2318 atque
334 2233 555 2372 superuacaneam
574 2237 768 2304 animadverti.
809 2240 884 2298 Nam
900 2243 918 2298 si
931 2245 959 2300 in
968 2242 1060 2320 perso-

57 2339 130 2376 nuum
142 2319 258 2376 statibus
281 2315 402 2382 divetis,
423 2313 481 2374 siiu
496 2315 637 2388 contrariis
659 2316 790 2391 negotiis,
813 2317 831 2374 si
854 2318 883 2376 in
905 2316 1062 2380 fabularum

58 2395 154 2473 panibus
165 2391 292 2454 maxime
307 2393 377 2450 inter
390 2391 415 2449 se
426 2391 606 2461 dissimilibus,
619 2393 692 2451 idem
705 2412 760 2470 pes,
775 2394 847 2455 idem
865 2398 964 2472 pedum
979 2399 1062 2467 ordo,

57 2474 112 2531 iden
123 2474 277 2534 carminum
291 2472 554 2549 genusoilendatur:
572 2471 631 2545 jam
647 2474 721 2529 nulla
734 2473 869 2541 causaest,
884 2478 949 2550 quio
961 2480 1062 2535 horum
1089 2535 1094 2545 ,

59 2556 174 2621 sententia,
196 2570 335 2629 tanquam
360 2568 428 2606 vana
440 2552 612 2627 explodatur.
653 2552 729 2643 Ergo
743 2550 771 2607 in
794 2552 888 2613 divini
907 2553 1010 2620 sabula,
1029 2575 1064 2613 ac

60 2630 107 2687 toi
123 2630 257 2697 thesauro,
283 2624 370 2706 quam
397 2626 452 2685 leui
475 2626 553 2685 nimis
576 2628 611 2686 de
629 2647 709 2685 causa
723 2627 918 2687 Trinummum
938 2630 1066 2709 inscripsit

61 2708 160 2777 Plantas,
181 2706 305 2786 protasis
316 2706 439 2764 trimetro
452 2705 571 2764 iambico
589 2722 645 2765 tota
656 2707 776 2763 canstat:
798 2706 864 2763 item
877 2710 993 2784 epitasis,
1007 2728 1067 2768 tum

61 2788 217 2865 catatlro'phe.
262 2782 558 2851 Stichusticontratio,
578 2800 635 2841 tota
646 2784 790 2841 trochaicis
807 2784 910 2862 longis.
951 2790 984 2845 lo
1000 2790 1081 2845 Mu*

61 2860 338 2922 sellariiadolescenti
355 2862 547 2929 Philolacheti,
568 2860 672 2919 homini
696 2862 806 2939 perdito
816 2862 891 2931 luxu,
916 2883 998 2941 atque
1010 2867 1070 2924 otio
1169 2906 1176 2929 i

62 2961 181 3019 corrupto,
201 2941 310 3019 quique
325 2960 404 2997 unam
421 2938 502 3007 modi)
515 2961 571 2997 reat
587 2957 688 3016 ageret,
710 2956 739 2997 ut
753 2938 892 3000 inserviret
901 2945 999 3011 ventri,
1012 2946 1072 3003 dati

63 3020 291 3093 sersussuutomui
310 3018 410 3093 pedum
430 3014 499 3098 pen&
511 3038 610 3095 genere
621 3018 705 3093 pleni.
745 3017 880 3076 Tranioni
893 3037 985 3079 autem
996 3024 1071 3080 servo
1148 3043 1155 3059 ¹

63 3100 163 3175 tepido,
183 3100 211 3154 in
224 3097 414 3172 redcsperatai‚
436 3095 522 3152 versus
536 3096 685 3173 compositi,
710 3114 792 3173 atque
811 3098 924 3176 sibiipsis
947 3103 1073 3173 constan-

66 3196 104 3235 tes.
140 3172 402 3251 SeniTeuropidae‚
424 3175 481 3231 viro
495 3173 584 3249 gravi,
607 3195 698 3250 parco,
720 3176 794 3241 laeto,
817 3177 894 3233 ausiti
912 3198 952 3245 rc,
980 3199 1073 3238 amoto

66 3254 248 3312 maritimorum
271 3266 346 3311 metu
359 3250 562 3386 tfericulortim
584 3252 679 3309 senarii
705 3252 827 3311 iambici.
868 3256 944 3331 Qid
965 3258 1072 3333 gravius

66 3332 248 3411 Amphitruone
261 3334 272 3386 i
299 3329 356 3405 Qti
397 3328 486 3406 magis
499 3330 645 3407 statarium,
670 3329 753 3407 quiam
770 3330 832 3387 finis
847 3331 945 3390 fabulae
958 3354 1074 3392 conver-

66 3411 106 3467 se?
122 3410 293 3469 concluditur
313 3422 404 3464 tamen
427 3408 519 3467 sabula
539 3407 690 3466 trochaicis.
729 3408 762 3464 In
790 3407 886 3483 Sticho
907 3426 996 3470 autem
1019 3428 1076 3470 tant

67 3488 145 3546 iambis
157 3502 269 3565 potant,
282 3482 367 3561 quim
377 3484 508 3548 trochaeis.
550 3484 688 3563 Gnrgnlio
703 3504 812 3543 curreris
826 3486 854 3541 in
869 3508 897 3545 te
908 3490 989 3554 nova,
1005 3510 1078 3547 nouo

70 3568 153 3624 nuncio
167 3563 278 3622 vehitur
293 3562 405 3620 trocbaei
420 3564 496 3621 rotis.
533 3567 571 3621 At
586 3562 763 3622 Acanthioi'n
780 3565 932 3623 Mercatore
943 3568 1016 3643 hand
1029 3560 1077 3625 ali.

70 3646 135 3701 simili
147 3644 175 3701 in
192 3662 221 3699 re
234 3641 377 3719 quadratis
394 3640 618 3706 utituriambicis,
629 3658 657 3698 at
668 3642 760 3700 iistlcm
776 3645 802 3701 in
812 3644 980 3702 Terentiana
993 3646 1080 3708 Phor·

71 3723 145 3779 mione
159 3720 234 3778 Geta
250 3720 311 3795 pari
321 3718 348 3774 in
364 3718 485 3797 negotio.
525 3720 658 3797 Ergasilus
674 3722 738 3777 vero
750 3719 881 3795 parasitus
895 3723 924 3781 in
939 3724 1078 3799 Captivis,
1162 3730 1171 3747 '

73 3814 113 3855 tin
127 3798 286 3862 trochaicis,
306 3794 388 3871 quim
408 3796 485 3875 aliis:
505 3816 567 3853 cuin
586 3814 675 3853 tamen
698 3796 808 3855 similem
829 3817 921 3875 ageret
934 3802 1080 3865 cursuram.

74 3876 303 3951 Quemadmodum
326 3890 354 3930 et
367 3872 515 3933 Dinacium
531 3874 636 3951 poesin
650 3876 847 3935 Sticho-nuncii
860 3893 938 3935 autor
958 3880 1034 3948 novi,
1050 3902 1082 3939 ti.
1141 3931 1148 3941 ,
1166 3941 1170 3949 ,

75 3954 156 4029 nisque
167 3954 269 4013 mistim
287 3949 343 4009 usus
365 3954 409 4009 eil.
425 3980 428 3983 ·
450 3952 582 4009 Praetcrea
595 3954 737 4011 trochaicis
748 3952 858 4030 Harpax
870 3951 1082 4017 Caculamilita,

75 4033 100 4087 tis
112 4032 135 4087 itt
150 4030 289 4089 Pseudolo
303 4028 368 4085 dum
382 4030 494 4087 leonem·
503 4029 609 4107 quaerit.
647 4032 808 4089 Trochaicis
822 4032 944 4091 Erotium
955 4040 1084 4095 meretrix

76 4109 96 4163 in
108 4108 302 4174 hierosolimis,
312 4120 354 4163 ut
363 4106 501 4167 obsonium
517 4106 730 4183 comparandum
744 4126 829 4166 curet.
871 4113 908 4168 At
922 4109 1085 4171 econtrario

76 4190 200 4247 trochaicis
214 4184 353 4267 Lysiteles
365 4184 526 4257 adolescens,
546 4186 688 4271 cagravio,
710 4203 738 4247 ct
751 4184 825 4266 frugi
848 4190 876 4247 iii
900 4192 1084 4275 Trinummo:

1059 4288 1098 4343 ii·
